3166 5022
221 305 284 371 268
422 313 772 372 rrvsrrwmorvunr
790 314 910 370 LIBRI
928 314 1163 388 QUATTUOR.
1262 315 1326 381 [m.
1339 301 1372 369 nl

221 477 378 543 infirmari
399 489 650 556 testamentum,
666 479 756 562 quod
777 489 894 561 postea
914 489 1054 546 testator
1069 477 1102 542 id
1123 477 1230 543 noluit
1243 476 1372 542 valere:

222 584 426 665 usqueadeo
442 595 538 660 utet,
554 585 580 648 si
596 585 669 668 quis
691 593 768 667 post
787 585 911 648 factum
932 586 1022 668 prius
1042 592 1281 650 testamentum
1296 603 1373 666 pos·

221 687 322 749 terius
341 686 448 752 facere
472 689 616 772 eoeperit
637 697 671 752 et
689 697 748 753 aut
771 687 973 752 mortalitate
991 697 1199 772 praeventus,
1219 695 1277 751 aut
1297 686 1374 768 quia

223 810 299 853 eum
315 791 385 856 eius
406 791 450 855 rei
473 793 645 874 paenituit,
663 793 696 856 id
712 813 778 856 non
798 791 999 875 perfecisset,
1017 791 1084 855 divi
1106 791 1285 856 Pertinacis
1302 809 1375 853 ora·

224 893 315 957 tione
339 905 473 959 cautum
496 905 556 972 est,
579 916 621 960 ne
645 895 726 960 alias
750 895 884 960 tabulae
903 897 1028 978 priores
1051 896 1119 958 iure
1139 893 1247 958 factae
1266 895 1375 956 irritae

225 996 315 1071 fiant,
331 998 392 1063 nisi
412 1011 586 1082 sequentes
609 1001 677 1065 iure
692 1001 862 1065 ordinatae
884 1011 918 1064 et
939 999 1104 1083 perfectae
1122 999 1252 1062 fuerint.
1296 1017 1375 1062 nam

226 1102 455 1186 imperfectum
484 1115 721 1171 testamentum
752 1107 822 1170 sine
851 1107 953 1170 dubio
983 1105 1110 1170 nullum
1135 1113 1195 1169 est.
1245 1103 1376 1166 Eadem

226 1211 374 1273 oratione
395 1213 559 1292 expressit
582 1231 647 1274 non
671 1212 891 1276 admissurum
916 1231 953 1275 se
978 1210 1198 1275 hereditatem
1224 1208 1304 1283 eius,
1319 1205 1376 1289 qui

226 1313 293 1378 litis
317 1334 416 1379 causa
438 1317 618 1399 principem
641 1316 797 1380 heredem
822 1317 996 1399 reliquerit,
1022 1335 1130 1398 neque
1154 1313 1285 1378 tabulas
1311 1331 1377 1375 non

226 1417 375 1499 legitime
390 1418 505 1495 factas,
521 1421 554 1482 in
570 1420 690 1502 quibus
705 1422 775 1503 ipse
790 1421 833 1484 ob
852 1440 926 1484 eam
949 1439 1083 1485 causam
1098 1419 1192 1482 heres
1207 1417 1378 1480 institutus

227 1529 305 1598 erat,
327 1522 541 1602 probaturum
563 1543 669 1606 neque
690 1546 734 1588 ex
755 1526 843 1588 nuda
861 1545 942 1588 voce
963 1523 1093 1588 heredis
1114 1541 1236 1586 nomen
1253 1521 1378 1584 admis-

228 1644 340 1688 summ
357 1646 464 1708 neque
479 1647 523 1691 ex
535 1627 603 1692 ulla
618 1630 786 1712 scriptura,
797 1630 847 1694 cui
863 1630 940 1693 iuris
954 1629 1133 1694 auctoritas
1144 1628 1238 1702 desit,
1254 1623 1378 1707 aliquid

228 1729 435 1810 adepturum.
470 1733 649 1797 secundum
665 1733 747 1799 haec
762 1735 829 1798 divi
841 1755 973 1818 quoque
987 1733 1127 1799 Severus
1143 1741 1177 1796 et
1187 1731 1379 1795 Antoninus

229 1835 422 1916 saepissime
438 1837 689 1920 rescripserunt:
714 1839 808 1904 ‘licet
823 1837 926 1904 enim'
942 1839 1095 1921 Inquiunt
1115 1835 1260 1920 ‘legibus
1281 1832 1380 1897 soluti

230 1957 352 2014 sumus,
369 1949 517 2005 attamen
533 1941 661 2025 legibus
675 1939 835 2009 vivimus!

740 2129 871 2198 XVIII.

512 2307 562 2358 DE
584 2307 818 2360 INOFFICIOSO
841 2303 1101 2359 TESTAMENTO.

276 2457 363 2543 Quia
379 2457 573 2542 plerumque
595 2469 747 2543 parentes
762 2460 833 2524 sine
855 2477 954 2525 causa
976 2458 1096 2522 liberos
1116 2475 1193 2522 suos
1207 2452 1260 2518 vel
1280 2450 1381 2516 exhe·

233 2566 351 2629 redant
365 2563 417 2627 vel
433 2565 599 2643 omittunt,
615 2565 787 2630 inductum
803 2573 865 2641 est,
877 2573 916 2630 ut
930 2564 972 2629 de
987 2563 1167 2628 inofficioso
1183 2567 1383 2624 testamento

234 2771 269 2826 cf.
284 2767 404 2840 Capitol.
416 2771 489 2824 Pert.
500 2783 515 2837 7
529 2769 638 2840 ‘legem
651 2810 659 2826 .
675 2813 681 2826 .
695 2813 702 2826 .
715 2771 786 2840 tulit,
799 2781 830 2826 ut
842 2780 1014 2827 testamenta
1025 2769 1120 2840 priora
1131 2785 1189 2823 non
1198 2767 1276 2838 prins
1288 2773 1383 2822 essent

234 2854 320 2922 irrita,
342 2870 427 2924 quam
447 2853 503 2908 alia
523 2855 649 2924 perfecta
668 2866 772 2923 essent,
794 2872 866 2910 neve
890 2855 927 2909 ob
952 2855 1007 2909 hoc
1036 2853 1121 2908 fiscus
1146 2850 1299 2922 aliquando
1323 2865 1384 2904 suc-

235 2939 365 2994 cederet!
392 2939 436 2991 To
455 2938 552 2992 cancel
566 2955 583 2992 a
596 2937 705 2993 written
723 2939 778 2992 will
795 2937 943 2993 otherwise
961 2939 1031 2992 than
1047 2938 1085 3007 by
1097 2937 1146 2991 the
1163 2933 1310 2990 execution
1327 2931 1360 2987 of
1367 2947 1386 2986 a

234 3023 306 3078 later
318 3038 372 3076 one
386 3021 406 3076 it
420 3039 477 3076 was
489 3037 641 3091 necessary
653 3031 683 3076 to
696 3021 810 3092 destroy
820 3023 869 3077 the
882 3022 1050 3076 instrument
1062 3020 1101 3088 by
1110 3018 1221 3086 tearing
1232 3033 1266 3070 or
1277 3014 1385 3084 cutting

235 3107 265 3174 it,
278 3123 310 3161 or
321 3105 360 3174 by
369 3104 482 3174 erasing
496 3106 545 3160 the
557 3104 724 3174 institution,
737 3106 846 3175 though
858 3103 1064 3160 unintentional
1077 3117 1191 3157 erasure
1203 3100 1275 3154 after
1287 3113 1386 3154 execu·

235 3189 295 3244 tion
316 3188 365 3243 did
385 3199 435 3244 not
456 3187 540 3243 affect
560 3189 608 3244 the
630 3187 747 3258 validity
769 3188 802 3242 of
819 3187 855 3242 its
880 3185 1064 3257 dispositions
1086 3184 1111 3239 if
1126 3182 1200 3239 their
1223 3192 1305 3237 tenor
1328 3195 1386 3235 was

235 3273 347 3342 known,
362 3271 426 3342 Dig.
442 3273 521 3339 28.4
539 3287 562 3328 1.
574 3288 600 3328 2.
637 3272 734 3342 SIngle
753 3270 936 3342 dispositions
956 3270 1039 3324 could
1055 3268 1190 3337 similarly
1207 3267 1245 3320 be
1262 3263 1387 3320 revolred

235 3357 274 3426 by
286 3373 408 3424 erasure,
421 3355 538 3411 without
557 3356 690 3426 affecting
706 3355 754 3410 the
771 3355 889 3424 validity
901 3354 934 3409 of
946 3355 995 3410 the
1008 3353 1062 3408 will
1081 3369 1112 3408 as
1125 3369 1143 3407 a
1155 3352 1255 3420 whole,
1270 3348 1335 3420 DIg.
1348 3347 1386 3402 ib.

238 3454 262 3495 a.
276 3453 301 3510 7,
315 3439 349 3495 cf.
365 3441 496 3508 Kriiger’s
509 3439 656 3496 recensiou
669 3439 702 3494 of
711 3438 800 3494 Gaius
813 3437 840 3494 ii.
857 3451 903 3508 151
920 3437 948 3492 in
964 3439 1019 3493 Mr.
1033 3437 1139 3491 Poste's
1152 3433 1269 3490 edition.

274 3521 288 3592 ᾗ
302 3525 332 3577 8.
352 3522 395 3578 Cf.
409 3522 521 3590 Paulus,
534 3533 606 3578 sent.
625 3539 681 3578 rec.
696 3535 719 3592 5.
736 3537 776 3578 12.
789 3523 805 3576 8
820 3521 859 3591 (in
874 3520 938 3591 Dig.
954 3521 996 3576 28.
1012 3533 1034 3589 5.
1048 3519 1076 3589 9)
1096 3518 1312 3590 ‘imperatorem
1330 3513 1387 3570 litis

237 3622 325 3661 causa
348 3605 482 3660 heredem
509 3605 616 3660 institui
641 3605 812 3660 invidiosum
834 3615 886 3674 est,
908 3622 961 3660 nec
983 3601 1141 3659 calumniae
1165 3601 1330 3656 facultatem
1353 3615 1388 3654 ex

238 3687 386 3761 principali
405 3688 553 3744 maiestate
572 3689 635 3760 capi
648 3691 777 3760 oportet!
813 3691 870 3744 For
883 3698 1054 3758 acceptance
1067 3685 1157 3740 under
1175 3682 1306 3738 informal
1319 3680 1388 3736 wills

238 3775 276 3842 by
295 3773 343 3826 the
362 3774 515 3842 Emperors
534 3773 569 3828 cf.
588 3773 748 3842 Suetonius,
763 3772 850 3843 Calig.
866 3773 907 3842 38,
928 3771 1035 3826 Domit.
1052 3785 1092 3838 12,
1113 3768 1201 3837 Pliny,
1222 3769 1328 3834 Paneg.
1344 3779 1388 3833 43.

239 3855 344 3911 ‘Nuda
359 3855 428 3909 vox'
447 3871 539 3911 seems
563 3867 593 3911 to
611 3873 695 3911 mean
714 3857 763 3912 the
781 3856 933 3926 allegation
953 3855 985 3909 of
999 3853 1105 3922 having
1123 3851 1212 3906 heard
1230 3867 1263 3905 so
1280 3849 1338 3904 and
1356 3866 1389 3904 so

239 3940 352 3995 declare
364 3937 523 4008 informally
535 3940 597 3994 that
615 3941 652 3995 he
665 3939 722 3994 had
738 3940 823 3994 made
840 3940 889 3994 the
903 3940 1043 4008 Emperor
1059 3936 1104 3991 his
1120 3935 1182 3991 heir
1195 3934 1269 4006 (‘qui
1283 3933 1389 3989 diceret

239 4023 353 4079 audisse
377 4039 409 4078 se
435 4039 471 4078 ex
497 4023 639 4094 defuncto,
664 4040 729 4078 cum
753 4023 868 4090 viveret,
893 4021 1027 4078 heredem
1054 4019 1108 4075 sibi
1134 4021 1287 4075 Caesarem
1312 4017 1391 4074 esse’

241 4106 401 4176 Suetonius,
415 4108 433 4161 l.
446 4106 493 4177 c.).

274 4193 335 4247 'Pin
347 4195 472 4247 xvm.
492 4191 553 4247 The
571 4189 695 4262 practice
713 4191 747 4246 of
760 4187 963 4246 exheredation
982 4187 1111 4256 formally
1124 4185 1246 4242 enabled
1264 4201 1282 4240 a
1299 4183 1392 4239 father

239 4284 269 4330 to
287 4275 376 4330 debat
394 4275 438 4330 his
451 4274 577 4330 children
596 4276 668 4329 from
682 4275 719 4329 all
737 4275 821 4330 share
839 4272 868 4328 in
886 4273 932 4328 his
951 4270 1135 4338 succession;
1157 4269 1186 4324 in
1199 4268 1256 4324 this
1273 4267 1348 4323 Title
1366 4265 1391 4322 is

241 4357 390 4413 described
403 4359 451 4413 the
470 4358 587 4428 remedy
599 4359 642 4412 for
653 4369 702 4413 too
721 4358 807 4414 harsh
824 4373 862 4412 an
879 4355 1004 4412 exercise
1021 4354 1053 4410 of
1068 4353 1124 4410 this
1142 4351 1286 4424 privilege,
1299 4349 1391 4406 which

240 4441 404 4512 practIcally
416 4441 535 4498 secured
547 4452 577 4498 to
593 4441 727 4499 relations
742 4441 839 4498 within
852 4457 870 4496 a
882 4439 989 4497 certain
1008 4439 1112 4510 degree
1130 4437 1163 4492 of
1171 4453 1257 4507 every
1273 4443 1392 4492 testator
