3112 5016
234 299 298 370 510
436 295 784 352 nvsrrwrrorvmr
802 296 920 352 uram
938 295 1173 368 QUATTtJOR.
1266 297 1380 364 [univ.

206 475 219 530 l
235 481 335 546 quam
352 466 408 547 qui
424 465 509 528 clam
527 473 669 530 amovet.
705 463 792 547 Quia
812 473 923 529 tamen
942 465 987 528 ita
1008 465 1167 548 competit
1187 464 1269 529 haec
1284 467 1378 539 actio,

234 568 261 630 si
287 567 364 632 dolo
392 568 480 632 malo
511 569 649 651 quisque
679 569 841 650 rapuerit:
873 569 928 650 qui
955 568 1065 650 aliquo
1096 589 1203 633 errore
1230 569 1380 632 inductus

235 692 329 735 suam
355 693 424 736 rem
453 693 524 736 esse
551 683 585 737 et
616 673 806 755 imprudens
832 673 909 736 iuris
938 693 978 736 eo
1004 675 1115 736 animo
1142 674 1260 755 rapuit,
1288 673 1381 755 quasi

235 776 370 840 domino
386 776 483 840 liceat
504 797 573 839 rem
595 796 689 838 suam
709 777 810 840 etiam
831 797 889 858 per
902 777 969 838 vim
991 777 1115 840 auferre
1130 775 1380 858 possessoribus,

235 879 362 944 absolvi
389 882 500 944 debet.
546 881 597 944 cui
622 880 746 945 scilicet
776 881 971 944 conveniens
1002 889 1052 944 est
1082 901 1141 944 nec
1168 879 1246 944 furti
1278 879 1381 943 teneri

236 1005 322 1060 eum,
346 985 402 1067 qui
426 986 543 1048 eodem
567 985 630 1048 hoc
652 986 764 1048 animo
787 987 906 1068 rapuit.
952 986 1011 1049 sed
1035 1005 1085 1061 ne,
1111 985 1192 1048 dum
1217 984 1296 1048 talia
1321 1005 1380 1047 ex·

236 1090 430 1172 cogitentur,
453 1090 637 1173 inveniatur
660 1090 722 1166 via,
747 1109 806 1170 per
831 1110 931 1172 quam
957 1098 1104 1172 raptores
1130 1088 1264 1170 impune
1288 1108 1382 1152 suam

236 1205 415 1258 exerceant
445 1194 635 1257 avaritiam:
668 1193 784 1256 melius
814 1193 976 1257 divalibus
1006 1193 1294 1258 constitutionibus
1323 1212 1382 1274 pro

236 1297 298 1362 hac
325 1307 420 1380 parte
450 1307 662 1380 prospectum
689 1309 748 1372 est,
775 1308 812 1362 ut
837 1299 959 1363 nemini
986 1297 1084 1362 liceat
1107 1298 1139 1361 vi
1170 1317 1284 1379 rapere
1303 1312 1383 1360 'rem

237 1402 394 1466 mobilem
410 1403 462 1466 vel
477 1424 513 1467 se
533 1412 731 1481 moventem,
746 1401 824 1466 licet
843 1424 937 1466 suam
953 1403 1093 1466 eandem
1110 1423 1180 1466 rem
1196 1401 1383 1466 existimet:

236 1507 295 1571 sed
321 1509 348 1570 si
374 1509 447 1590 quis
473 1517 586 1570 contra
608 1517 733 1571 statuta
758 1507 878 1586 iecerit,
904 1508 949 1570 rei
975 1508 1110 1589 quidem
1133 1527 1211 1570 suae
1237 1507 1384 1570 dominio

236 1611 363 1689 cadere,
386 1612 437 1674 sin
458 1622 571 1675 autem
594 1611 701 1674 aliena
719 1613 771 1689 sit,
794 1621 870 1694 post
894 1613 1136 1676 restitutionem
1162 1612 1262 1675 etiam
1287 1611 1385 1674 aesti-

237 1715 416 1778 mationem
429 1716 574 1778 eiusdem
589 1715 633 1778 rei
650 1724 825 1796 praestare.
859 1716 948 1798 quod
963 1737 1028 1779 non
1041 1715 1147 1778 solum
1163 1715 1196 1778 in
1209 1713 1385 1779 mobilibus

237 1819 344 1896 rebus,
367 1839 451 1901 quae
476 1819 545 1900 rapi
568 1827 716 1900 possunt,
735 1819 986 1882 constitutiones
1010 1820 1157 1902 optinere
1180 1827 1384 1894 censuerunt,

238 1921 413 1985 sedetiam
434 1922 467 1984 in
483 1921 713 1998 invasionibus,
729 1943 814 2004 quae
835 1924 919 1986 circa
940 1943 991 1986 res
1011 1921 1072 1986 soli
1090 1921 1181 1999 fiunt,
1196 1931 1233 1985 ut
1255 1942 1299 1984 ex
1321 1919 1384 1983 hac

207 2037 336 2094 2causa
359 2027 448 2090 omni
468 2025 581 2107 rapina
602 2023 754 2089 homines
774 2027 990 2090 abstineant..
1018 2025 1057 2090 In
1082 2025 1144 2089 hac
1167 2026 1295 2089 actione
1318 2044 1384 2086 non

238 2132 353 2216 utique
377 2139 589 2212 exspectatur
617 2149 686 2192 rem
716 2131 749 2193 in
774 2131 869 2196 bonis
893 2131 1012 2196 actoris
1039 2151 1130 2194 esse:
1154 2150 1231 2193 narn
1258 2129 1325 2192 sive
1351 2128 1384 2190 in

237 2235 333 2298 bonis
363 2235 406 2298 sit
429 2236 498 2297 sive
527 2254 592 2296 non
622 2233 673 2311 sit,
698 2235 725 2297 si
749 2245 861 2300 tamen
891 2257 935 2299 ex
964 2236 1060 2300 bonis
1087 2237 1138 2311 sit,
1167 2233 1275 2299 locum
1303 2231 1385 2296 haec

238 2341 324 2403 actio
342 2338 488 2402 habebit.
533 2359 635 2420 quare
656 2339 724 2403 sive
742 2341 955 2405 commodata
976 2341 1043 2404 sive
1064 2339 1171 2404 locata
1194 2339 1262 2402 sive
1284 2338 1384 2400 etiam

237 2596 321 2664 penal
334 2612 390 2649 was
403 2594 489 2660 utilis,
503 2595 568 2665 Dig.
580 2610 623 2662 47.
638 2597 663 2651 8.
676 2611 702 2652 2.
719 2611 749 2664 13
761 2615 769 2662 3
787 2595 830 2649 t'or
849 2596 896 2650 the
909 2595 1088 2666 explanation
1101 2595 1134 2649 of
1142 2597 1190 2650 the
1203 2604 1274 2649 term
1287 2609 1334 2648 see
1347 2609 1385 2646 on

237 2679 289 2733 Blc
304 2677 340 2733 iii.
355 2693 380 2748 9.
394 2694 411 2748 9
424 2697 497 2749 supr.
534 2681 580 2733 All
598 2679 758 2750 praetorian
777 2680 861 2750 penal
879 2679 989 2734 actions
1009 2679 1066 2733 had
1081 2680 1129 2734 the
1142 2695 1220 2734 same
1234 2678 1310 2732 short
1323 2693 1387 2746 pre·

237 2761 373 2831 scription
393 2773 492 2832 except
512 2764 573 2818 that
592 2763 657 2818 furti
680 2763 830 2832 manifesti,
853 2762 945 2817 which
965 2779 1022 2817 was
1042 2773 1178 2832 perpetua
1196 2762 1318 2816 because
1337 2760 1387 2814 the

237 2847 353 2914 penalty
377 2846 495 2914 thereby
519 2848 699 2902 recoverable
724 2865 780 2901 was
806 2846 977 2901 substituted
1000 2846 1044 2899 for
1068 2845 1170 2915 capital
1196 2844 1386 2915 punishment,

238 2928 327 2982 Gaius
341 2929 374 2983 iv.
393 2944 450 2994 110,
467 2944 523 2999 111,
537 2929 593 2984 Tit.
610 2945 649 2986 12.
662 2948 703 3000 pr.
717 2929 765 2985 inf.
802 2929 864 2982 The
878 2927 939 2983 heir
951 2929 984 2983 of
995 2929 1044 2984 the
1057 2928 1159 2984 robber
1170 2945 1227 2982 vas
1239 2937 1290 2982 not
1302 2927 1388 2982 liable

237 3021 267 3066 to
280 3012 354 3067 actio
366 3011 505 3067 bonorum
518 3013 545 3068 vi
558 3024 701 3084 raptorum
714 3013 743 3066 in
760 3029 817 3080 any
829 3029 903 3080 case,
918 3012 1026 3081 though
1039 3013 1075 3066 he
1089 3029 1145 3066 was
1159 3011 1257 3066 suable
1268 3011 1306 3078 by
1319 3027 1387 3064 con·

238 3094 325 3150 dictio
343 3106 373 3150 to
391 3097 440 3150 the
458 3107 553 3152 extent
572 3107 601 3151 to
615 3095 705 3150 which
725 3095 772 3150 the
792 3094 966 3150 inheritance
983 3096 1041 3150 had
1054 3096 1127 3150 been
1141 3093 1276 3150 enriched
1288 3094 1325 3161 by
1338 3093 1388 3148 the

237 3179 373 3250 proceeds
386 3180 417 3234 of
426 3181 474 3234 the
487 3197 600 3249 wrong:
617 3179 767 3233 ‘adversus
780 3179 900 3233 heredes
910 3189 1005 3233 autem
1014 3179 1059 3234 vel
1072 3189 1198 3233 caeteros
1209 3193 1387 3231 successores

238 3279 296 3316 non
309 3263 428 3329 dabitur,
442 3262 508 3334 quia
520 3262 646 3332 poenalis
660 3262 735 3316 actio
748 3262 776 3316 in
789 3280 839 3317 eos
852 3279 909 3316 non
923 3262 1012 3316 datur.
1049 3264 1095 3315 An
1109 3271 1204 3316 tamen
1218 3260 1246 3314 in
1260 3259 1297 3328 id,
1311 3257 1387 3331 quod

238 3347 435 3416 locupletiores
448 3345 514 3400 sacti
528 3356 601 3412 sunt,
610 3345 670 3400 dari
680 3345 792 3416 debeat,
802 3345 957 3400 videamus.
977 3355 1005 3399 et
1015 3362 1068 3414 ego
1078 3353 1147 3414 puto
1154 3343 1219 3398 ideo
1229 3353 1387 3413 praetorem

239 3447 296 3483 non
315 3447 378 3484 esse
395 3429 551 3498 pollicitum
568 3429 597 3482 in
613 3429 733 3484 heredes
750 3429 778 3483 in
796 3429 826 3484 id
842 3429 919 3499 quod
936 3429 973 3483 ad
990 3445 1039 3483 eos
1053 3426 1188 3498 pervenit,
1202 3427 1268 3497 quia
1280 3426 1387 3496 putavit

240 3513 367 3567 sufficere
380 3512 605 3567 condictionem'
619 3511 725 3583 Ulpian
739 3511 767 3566 in
782 3513 849 3582 Dig.
862 3525 906 3578 47.
920 3513 943 3566 8.
959 3527 983 3565 2.
997 3525 1040 3578 27.

276 3593 289 3666 ξ
304 3601 329 3652 1.
348 3597 410 3650 The
423 3595 620 3650 constitutions
633 3595 757 3651 referred
768 3607 798 3650 to
811 3612 858 3650 are
869 3596 950 3648 those
961 3594 994 3648 ol
1002 3593 1191 3662 Valentinian‚
1201 3591 1387 3660 Theodosius,

241 3679 298 3734 and
310 3678 449 3732 Arcadius
468 3677 497 3731 in
512 3679 580 3732 Cod.
594 3679 620 3732 8.
633 3693 658 3745 4.
672 3691 688 3745 7
702 3678 741 3732 ‘sl
761 3678 823 3748 quis
843 3678 871 3732 in
890 3688 999 3732 tantam
1017 3677 1118 3732 furoris
1131 3675 1288 3747 pervenerit
1302 3675 1387 3730 auda-

240 3761 322 3830 ciam,
342 3771 372 3815 ut
390 3759 600 3829 possessionem
618 3778 710 3815 rerum
729 3761 805 3831 apud
825 3761 924 3815 fiscum
943 3763 986 3815 vel
1005 3759 1082 3831 apud
1100 3760 1230 3814 homines
1249 3757 1388 3828 quoslibet

241 3843 456 3898 constitutarum
486 3853 553 3898 ante
586 3844 739 3898 adventum
770 3843 909 3899 iudicialis
941 3844 1047 3900 arbitrii
1081 3843 1218 3898 violenter
1247 3841 1389 3908 invaserit,

241 3925 373 3981 dominus
387 3925 502 3997 quidem
515 3925 684 3981 constitutus
696 3926 906 3996 possessionem
919 3943 1005 3998 quam
1015 3925 1130 3981 abstulit
1140 3925 1268 3980 restituat
1278 3940 1391 3994 posses-

240 4009 296 4065 sori
310 4020 337 4065 et
351 4008 508 4064 dominium
521 4009 649 4064 eiusdem
664 4009 704 4064 rei
721 4009 842 4064 amittat.
879 4009 909 4064 Si
923 4027 989 4064 vero
1005 4009 1161 4064 alienarum
1172 4025 1266 4062 rerum
1278 4023 1390 4078 posses-

241 4094 350 4150 sionem
375 4091 487 4160 invasit,
512 4109 569 4146 non
599 4092 690 4146 solum
718 4109 782 4146 eam
811 4091 1022 4161 possidentibus
1047 4091 1157 4158 reddat,
1181 4107 1278 4145 verum
1303 4089 1390 4146 etiam

241 4175 468 4233 aestimationem
480 4175 635 4230 earundem
647 4191 740 4228 rerum
752 4174 899 4229 restituere
913 4175 1115 4244 compellatur.²
1144 4175 1201 4228 For
1213 4173 1260 4228 the
1271 4170 1389 4226 relation

240 4261 274 4314 of
287 4258 343 4314 this
361 4269 524 4314 enactment
541 4269 571 4313 to
586 4259 635 4314 the
654 4256 785 4314 interdict
800 4258 875 4312 unde
889 4256 915 4312 vi
929 4275 978 4312 see
991 4275 1028 4312 on
1042 4257 1098 4313 Tit.
1114 4269 1154 4328 15.
1167 4257 1185 4312 6
1201 4256 1248 4312 int.
1262 4255 1320 4310 and
1334 4255 1391 4314 Mr.

242 4343 350 4398 Poste's
364 4353 430 4397 note
443 4359 480 4396 on
494 4341 583 4397 Gaius
596 4340 632 4396 iii.
647 4356 706 4410 209.

278 4423 292 4497 §
306 4429 335 4482 2.
355 4425 417 4482 The
435 4425 598 4498 expression
618 4441 651 4480 ex
668 4421 750 4480 bonis
764 4421 788 4482 is
801 4423 867 4480 here
880 4421 1008 4496 opposed
1021 4432 1051 4478 to
1064 4421 1230 4491 dominium,
1243 4431 1273 4479 to
1286 4420 1391 4480 deuote
