3112 5016
238 333 303 403 540
439 326 513 380 INS
517 325 589 380 TIT
590 325 644 380 UT
643 324 788 380 IONUM
806 325 925 379 LIBRI
944 325 1179 397 QUATTUOR.
1273 327 1339 393 [Lib.
1350 327 1394 379 lv.

191 509 227 562 24
241 491 344 574 Tripli
359 511 446 569 vero,
463 511 537 555 cum
554 489 690 574 quidam
707 487 864 554 maiorem
881 511 978 555 verae
997 491 1237 554 aestimationis
1258 493 1392 574 quanti-

239 603 344 658 tatem
361 595 393 658 in
410 595 522 658 libello
538 594 763 657 conventionis
778 594 922 670 inseruit,
940 605 976 658 ut
991 617 1035 658 ex
1051 595 1113 658 hac
1128 615 1226 658 causa
1238 596 1391 672 viatores,

239 699 274 762 id
302 708 353 761 est
378 709 588 762 exsecutores
612 697 728 772 litium,
755 699 950 781 ampliorem
981 719 1145 762 summam
1168 699 1390 781 sportularum

240 803 373 865 nomine
397 803 586 884 exegerint:
616 811 694 865 tunc
718 803 805 864 enim
835 804 925 884 quod
954 811 1089 885 propter
1113 823 1226 865 eorum
1254 822 1389 865 causam

239 906 399 968 damnum
415 927 531 988 passus
547 905 644 969 fuerit
660 927 742 980 reus,
763 906 797 968 id
820 906 954 988 triplum
970 907 1013 969 ab
1029 917 1139 969 actore
1162 917 1389 987 consequetur,

241 1019 277 1072 ut
293 1011 325 1072 in
342 1010 405 1073 hoc
427 1009 526 1091 triplo
545 1019 578 1073 et
600 1009 765 1092 simplum,
782 1011 813 1072 in
833 1031 899 1092 quo
921 1011 1080 1074 damnum
1104 1029 1221 1092 passus
1237 1019 1295 1086 est,
1311 1029 1390 1072 con-

241 1125 439 1177 numeretur.
485 1113 574 1195 quod
600 1122 711 1176 nostra
734 1115 926 1178 constitutio
951 1113 1090 1188 induxit,
1108 1134 1193 1195 quae
1219 1114 1251 1175 in
1277 1121 1390 1176 nostro

241 1219 354 1281 codice
376 1217 489 1300 fulget,
512 1239 556 1280 ex
579 1237 645 1299 qua
665 1217 767 1280 dubio
791 1217 904 1299 procul
928 1227 979 1281 est
1002 1237 1045 1280 ex
1068 1217 1141 1298 lege
1160 1216 1388 1279 condicticiam

192 1335 228 1390 25
242 1341 404 1384 emanare.
440 1320 624 1404 Quadrupii
643 1319 745 1384 veluti
768 1321 843 1384 furti
863 1319 1037 1396 manifesti,
1058 1319 1137 1383 item
1160 1320 1203 1382 de
1226 1339 1274 1396 eo,
1298 1319 1390 1400 quod

242 1435 349 1488 metus
365 1445 464 1488 causa
479 1425 602 1488 factum
619 1425 669 1502 sit,
682 1425 790 1506 deque
805 1445 844 1489 ea
860 1426 1009 1508 pecunia,
1019 1444 1103 1506 quae
1116 1423 1148 1486 in
1164 1423 1226 1486 hoc
1243 1425 1320 1486 data
1336 1423 1389 1496 sit,

242 1539 279 1592 ut
305 1529 332 1590 is
359 1529 410 1591 cui
435 1531 533 1592 datur
552 1528 736 1592 calumniae
762 1549 860 1592 causa
883 1529 1053 1611 negotium
1076 1527 1172 1590 alicui
1194 1527 1314 1590 faceret
1336 1525 1391 1588 vel

242 1652 308 1695 non
331 1631 473 1695 faceret:
496 1633 576 1696 item
600 1653 644 1696 ex
667 1631 740 1714 lege
763 1633 956 1696 condicticia
978 1653 999 1696 a
1022 1640 1134 1694 nostra
1155 1629 1392 1694 constitutione

242 1737 352 1810 oritur,
380 1736 412 1798 in
437 1735 658 1818 quadruplum
682 1737 993 1800 condemnationem
1018 1737 1192 1816 imponens
1218 1733 1269 1796 his
1294 1755 1391 1796 exse-

242 1839 408 1902 cutoribus
434 1839 551 1917 litium,
577 1839 633 1921 qui
663 1850 777 1903 contra
807 1850 940 1904 nostrae
969 1839 1212 1903 constitutionis
1237 1857 1389 1901 normam

195 1955 262 2010 26a
286 1943 347 2006 reis
370 1944 546 2025 quicquam
570 1945 749 2026 exegerint.
796 1943 864 2008 Sed
888 1944 963 2007 furti
986 1943 1120 2025 quidem
1145 1963 1205 2005 nec
1227 1941 1391 2004 manifesti

241 2048 328 2110 actio
344 2057 377 2110 et
394 2047 478 2110 servi
495 2048 637 2130 corrupti
653 2069 672 2110 a
689 2049 813 2126 ceteris,
829 2049 871 2112 de
892 2048 1010 2130 quibus
1032 2045 1129 2110 simul
1151 2045 1251 2110 locuti
1266 2066 1392 2120 sumus,

243 2171 282 2212 eo
304 2150 423 2226 differt,
439 2151 528 2232 quod
553 2151 614 2214 hae
637 2153 782 2216 actiones
804 2153 998 2215 omnimodo
1020 2149 1112 2234 dupli
1132 2161 1229 2214 sunt:
1250 2159 1285 2212 at
1306 2149 1391 2226 illae,

243 2254 275 2317 id
300 2264 349 2316 est
372 2255 484 2317 damni
507 2255 641 2317 iniuriae
664 2277 707 2318 ex
734 2255 808 2338 lege
830 2255 967 2338 Aquilia
991 2265 1024 2318 et
1048 2254 1212 2317 interdum
1235 2253 1389 2334 depositi,

242 2356 438 2421 infitiatione
468 2357 684 2439 duplicantur,
715 2361 747 2422 in
784 2359 998 2423 confitentem
1028 2367 1140 2421 autem
1170 2357 1203 2418 in
1233 2356 1390 2438 simplum

242 2461 378 2524 dantur:
405 2461 463 2524 sed
487 2461 552 2536 illa,
576 2483 661 2543 quae
684 2461 800 2526 dehis
824 2464 993 2546 competit,
1016 2482 1102 2544 quae
1125 2460 1236 2524 relicta
1258 2479 1392 2523 venera-

241 2563 361 2627 bilibus
384 2563 464 2627 locis
484 2575 569 2639 sunt,
592 2587 655 2628 non
680 2567 787 2629 solum
805 2567 1000 2631 infitiatione
1016 2563 1210 2647 duplicatur,
1229 2564 1286 2627 sed
1309 2573 1342 2626 et
1364 2563 1391 2625 si

241 2667 405 2730 distulerit
436 2667 537 2731 relicti
568 2669 774 2748 solutionem,
798 2691 901 2754 usque
930 2691 997 2752 quo
1025 2671 1113 2732 iussu
1138 2668 1391 2750 magistratuum

241 2937 358 2992 himself
366 2937 404 3006 by
416 2955 433 2992 a
446 2935 547 3004 cautio,
561 2938 669 3007 usually
682 2939 747 2994 with
761 2939 888 3009 sureties,
901 2949 931 2994 to
947 2955 1053 3010 appear
1071 2937 1100 2992 in
1120 2949 1198 2993 court
1219 2955 1256 2993 on
1269 2939 1317 2993 the
1331 2938 1388 3007 day

242 3021 316 3076 sured
332 3022 375 3074 for
392 3021 462 3090 trial,
476 3021 533 3075 and
546 3021 590 3075 ‘in
604 3021 707 3076 iudicio
726 3040 892 3092 permanere
908 3041 997 3094 usque
1015 3023 1053 3077 ad
1072 3022 1224 3077 terminum
1244 3021 1317 3076 litis'
1334 3021 1389 3076 Tit.

245 3119 284 3159 11.
300 3119 324 3158 2.
338 3105 405 3170 inf.;
424 3105 452 3158 in
466 3105 571 3160 default
590 3105 622 3158 of
636 3105 692 3160 this
711 3106 833 3176 security
848 3107 883 3161 he
903 3125 960 3161 was
979 3105 1064 3160 liable
1083 3117 1113 3160 to
1131 3106 1168 3159 be
1185 3105 1286 3175 placed
1302 3105 1392 3160 under

242 3189 426 3260 supervision‚
439 3189 496 3243 and
515 3207 585 3243 even
603 3199 632 3244 to
649 3190 684 3243 be
698 3189 898 3256 incarcerated,
912 3190 1014 3259 during
1031 3190 1078 3244 the
1096 3205 1221 3259 process.
1259 3190 1322 3244 The
1336 3189 1391 3256 day

242 3273 285 3326 for
298 3273 361 3326 trial
374 3289 430 3326 was
445 3272 517 3326 fixed
530 3272 568 3341 by
580 3273 628 3326 the
647 3271 772 3342 plaintiff
780 3275 861 3326 when
882 3273 916 3328 he
930 3273 1074 3327 delivered
1092 3271 1136 3326 his
1156 3271 1205 3326 bill
1223 3289 1255 3325 or
1272 3271 1391 3340 libellus,

242 3357 292 3410 but
306 3357 343 3425 by
356 3373 393 3410 an
406 3367 567 3410 enactment
580 3356 612 3408 of
620 3356 761 3424 Justinian
776 3359 860 3425 (Nov.
878 3369 890 3425 5
895 3371 918 3424 3.
933 3355 960 3425 3)
974 3357 1022 3410 the
1036 3355 1190 3410 defendant
1204 3373 1261 3409 was
1274 3354 1391 3410 entitled

242 3449 272 3494 to
285 3440 358 3494 have
371 3457 407 3492 an
422 3439 539 3494 interval
554 3439 586 3492 of
594 3449 623 3494 at
637 3441 707 3494 least
721 3450 825 3508 twenty
838 3439 918 3510 days.

280 3525 337 3577 For
349 3525 411 3593 plus
425 3523 523 3592 petitio
536 3523 634 3592 hythe
648 3523 772 3593 plaintiff
780 3523 808 3576 in
822 3523 866 3577 his
879 3523 989 3578 libellus
1003 3521 1198 3578 conventionis
1211 3539 1260 3577 see
1274 3519 1288 3593 ξ
1300 3537 1333 3590 33
1343 3521 1390 3576 inf.

244 3607 306 3660 The
320 3608 386 3675 only
398 3607 479 3660 other
491 3604 600 3659 actions
618 3608 785 3677 apparently
799 3607 889 3662 which
903 3607 960 3661 had
978 3607 1050 3661 been
1069 3605 1096 3661 in
1110 3605 1224 3676 triplum
1238 3616 1391 3676 conceptae

244 3707 292 3744 are
305 3690 386 3743 those
399 3706 436 3741 on
449 3688 552 3742 furtum
566 3700 734 3759 conceptum
747 3689 804 3744 and
817 3691 952 3758 oblatum,
964 3691 1053 3745 Gaius
1067 3689 1104 3744 iii.
1117 3705 1177 3759 191,
1187 3689 1222 3744 iv.
1234 3704 1291 3757 173,
1302 3707 1329 3759 p.
1343 3703 1393 3759 500

244 3788 318 3840 supr.
357 3773 414 3825 For
432 3781 570 3839 statutory
586 3771 763 3826 condictions
782 3789 830 3827 see
850 3773 916 3842 Dig.
934 3787 973 3842 13.
987 3788 1011 3828 2.
1049 3771 1212 3843 Justinian's
1231 3781 1391 3827 enactment

244 3854 367 3909 referred
380 3863 410 3907 to
423 3854 446 3907 is
460 3853 488 3907 in
503 3855 572 3908 Cod.
587 3868 610 3922 3.
628 3869 667 3909 10.
682 3871 705 3909 2.
722 3870 746 3910 2.

282 3937 295 4008 ξ
310 3941 359 3992 25.
380 3939 436 3992 For
449 3939 496 3992 the
509 3937 583 3992 actio
596 3938 672 4009 quod
685 3949 777 3994 metus
790 3955 876 3994 causa
890 3957 937 3995 see
951 3939 965 4010 ξ
981 3955 1013 4007 27
1028 3939 1084 3994 and
1097 3949 1179 3994 notes
1193 3938 1240 3992 inf.
1254 3959 1262 4004 ;
1280 3939 1337 3994 and
1351 3937 1393 3992 for

246 4021 387 4078 calumnia
404 4021 458 4076 Tit.
476 4021 515 4075 16.
532 4037 541 4075 1
558 4021 605 4076 inf.
637 4023 699 4077 The
718 4023 810 4077 words
829 4023 991 4094 ‘negotium
1013 4023 1095 4079 alicui
1117 4023 1236 4078 faceret’
1255 4039 1303 4076 are
1321 4022 1392 4076 from

246 4107 294 4161 the
319 4105 393 4160 edict
414 4105 492 4175 (Dig.
512 4121 537 4174 3.
556 4105 580 4160 6.
604 4121 625 4161 1.
645 4107 718 4176 pr.);
743 4108 791 4161 the
808 4106 906 4177 jurists
929 4123 1006 4161 seem
1026 4117 1056 4162 to
1078 4109 1151 4161 have
1173 4105 1321 4160 restricted
1345 4107 1393 4159 the

246 4189 391 4259 negotium
404 4199 433 4243 to
447 4191 539 4244 actual
551 4189 690 4259 litigation
706 4208 738 4244 or
755 4191 944 4260 prosecution,
959 4190 1025 4260 Dig.
1039 4190 1075 4244 ib.
1093 4205 1113 4246 1.
1127 4189 1153 4244 6.
1167 4190 1183 4244 8
1197 4189 1254 4244 and
1267 4203 1290 4258 ᾳ
1327 4191 1392 4258 Jus-

246 4273 358 4330 tinian's
372 4272 553 4328 constitution
567 4273 632 4327 isin
647 4274 716 4329 Cod.
730 4289 755 4342 3.
769 4289 794 4329 2.
807 4289 832 4341 4.

283 4355 360 4427 §fid
381 4359 435 4412 See
454 4374 491 4411 on
512 4357 562 4410 Bk.
577 4356 615 4410 iii.
629 4371 671 4424 27.
685 4371 700 4424 7
714 4375 789 4427 supr.
834 4358 896 4412 The
914 4357 976 4412 heir
992 4357 1115 4426 charged
1131 4355 1197 4411 with
1215 4355 1337 4426 legacies
1356 4354 1393 4409 ad

247 4439 310 4511 pias
323 4457 422 4496 causas
437 4441 460 4496 is
473 4440 619 4511 penalised
632 4451 681 4495 not
695 4443 761 4511 only
773 4442 816 4495 for
829 4439 963 4495 inficiatio
974 4441 1026 4494 but
1039 4441 1082 4496 for
1093 4457 1180 4496 mora
