3112 5016
248 303 314 390 564
450 313 526 370 INS
528 313 600 372 TIT
603 313 801 370 UTIONUM
820 311 940 368 LIBRI
959 312 1197 385 QUATTUOR.
1277 313 1400 380 [lihtv.

219 493 236 550 t
250 477 317 545 Sed
330 488 458 546 veteres
472 477 606 564 quidem
618 477 700 544 haec
715 471 749 544 e't
761 479 794 542 in
810 477 884 542 filiis
898 475 1038 542 familias
1050 478 1204 542 masculis
1219 486 1253 542 et
1267 475 1401 542 feminis

247 585 459 650 admiserunt.
497 604 583 649 nova
598 593 710 648 autem
730 581 902 646 hominum
921 583 1125 646 conversatio
1140 581 1331 646 huiusmodi
1346 603 1400 646 as·

247 688 423 772 peritatem
440 697 528 752 recte
544 687 761 770 respuendam
784 705 857 750 esse
879 685 1083 750 existimavit
1103 695 1137 750 et
1159 686 1202 749 ab
1225 707 1285 748 usu
1305 705 1399 750 com·

248 793 338 856 muni
353 790 436 856 haec
457 792 590 877 penitus
610 791 762 855 recessit:
786 790 860 872 quis
882 789 970 853 enim
985 791 1109 872 patitur
1129 788 1233 853 filium
1248 810 1347 854 suum
1362 799 1400 854 et

249 897 395 960 maxime
411 895 512 960 filiam
536 897 568 958 in
585 915 709 959 noxam
724 894 780 958 alii
803 894 890 969 dare,
910 902 947 956 ut
966 913 1071 975 paene
1086 911 1146 975 per
1163 911 1282 974 corpus
1302 905 1401 975 pater

249 1001 354 1083 magis
369 1020 470 1082 quam
487 999 572 1062 filius
588 999 798 1080 periclitetur,
812 1017 887 1062 cum
904 997 937 1060 in
953 997 1082 1061 filiabus
1097 997 1199 1062 etiam
1218 997 1400 1079 pudicitiae

247 1103 340 1168 lavor
350 1103 413 1168 hoc
425 1104 510 1168 bene
522 1099 693 1167 excludit?
716 1112 750 1166 et
766 1102 840 1166 ideo
855 1101 979 1183 placuit
994 1101 1027 1164 in
1039 1121 1150 1166 servos
1163 1101 1400 1164 tantummodo

247 1207 386 1272 noxales
409 1207 555 1272 actiones
576 1227 649 1271 esse
669 1206 911 1290 proponendas,
932 1225 1007 1269 cum
1024 1207 1112 1288 apud
1132 1213 1264 1268 veteres
1285 1203 1399 1286 legum

248 1321 524 1376 commentatores
545 1310 728 1374 invenimus
747 1309 877 1392 saepius
899 1309 1026 1374 dictum
1047 1309 1137 1392 ipsos
1155 1307 1240 1374 filios
1255 1307 1400 1374 familias

247 1435 307 1500 pro
322 1416 389 1479 suis
404 1415 532 1480 delictis
548 1433 645 1498 posse
660 1414 834 1480 conveniri.

789 1655 851 1724 IX.

383 1853 416 1905 SI
439 1853 664 1918 QUADRUPES
688 1852 902 1904 PAUPERIEM
926 1851 1074 1904 FECISSE
1097 1851 1266 1906 DICITUR.

290 2019 498 2086 Animalium
519 2021 661 2096 nomine,
677 2041 762 2104 quae
781 2022 907 2085 ratione
925 2031 1044 2100 carent,
1062 2020 1089 2084 si
1112 2021 1246 2105 quidem
1263 2019 1403 2088 lascivia

246 2137 305 2192 aut
321 2125 446 2190 fervore
462 2137 520 2191 aut
535 2125 665 2190 scritate
680 2126 871 2208 pauperiem
890 2125 1035 2204 iecerint,
1054 2125 1186 2189 noxalis
1209 2127 1297 2190 actio
1319 2127 1401 2210 lege

246 2231 421 2300 duodecim
443 2230 628 2294 tabularum
644 2229 776 2312 prodita
796 2239 846 2294 est
865 2225 965 2314 (quae
984 2229 1139 2294 animalia
1160 2229 1187 2294 si
1208 2250 1319 2294 noxae
1338 2232 1400 2294 de-

244 2335 373 2412 dantur,
389 2334 563 2416 proficiunt
578 2355 633 2398 reo
652 2335 695 2398 ad
718 2332 956 2411 liberationem,
971 2333 1049 2416 quia
1069 2333 1116 2397 ita
1135 2333 1193 2398 lex
1215 2335 1399 2398 duodecim

245 2438 432 2506 tabularum
450 2439 571 2523 scripta
589 2433 671 2522 esti:
692 2447 773 2519 puta
788 2437 814 2500 si
831 2457 934 2519 equus
950 2437 1140 2502 calcitrosus
1155 2438 1245 2504 calce
1260 2459 1401 2522 percus·

245 2543 324 2607 serit
344 2552 401 2606 aut
416 2541 477 2606 bos
492 2562 592 2605 cornu
608 2551 720 2624 petere
735 2539 851 2605 solitus
866 2541 1005 2623 petierit.
1031 2541 1113 2606 haec
1128 2553 1240 2608 autem
1256 2545 1346 2608 actio
1361 2545 1398 2607 in

245 2645 304 2724 his,
320 2667 405 2727 quae
425 2655 539 2710 contra
559 2657 709 2710 naturam
731 2655 911 2722 moventur,
927 2644 1035 2709 locum
1054 2645 1176 2710 habet:
1199 2656 1346 2712 ceterum
1363 2650 1396 2712 si

245 2749 399 2832 genitalis
419 2750 462 2813 sit
483 2749 603 2826 feritas,
625 2759 740 2814 cessat.
786 2748 939 2832 Denique
959 2749 986 2812 si
1010 2770 1104 2814 ursus
1124 2748 1207 2833 sugit
1222 2771 1241 2814 a
1256 2752 1398 2817 domino

246 2862 280 2917 et
303 2853 349 2915 sic
372 2853 492 2926 nocuit,
517 2871 582 2916 non
611 2861 724 2934 potest
749 2853 918 2935 quondam
942 2852 1096 2917 dominus
1120 2855 1292 2933 conveniri,
1314 2857 1398 2938 quia

246 2955 367 3020 desinit
391 2955 545 3018 dominus
571 2975 653 3027 esse,
680 2956 735 3019 ubi
762 2954 830 3019 scra
854 2957 966 3020 evasit.
1003 2956 1176 3040 pauperies
1202 2967 1314 3024 autern
1343 2969 1398 3025 est

246 3061 405 3126 damnum
421 3057 491 3123 sine
506 3056 623 3123 iniuria
640 3057 788 3123 facientis
804 3059 938 3124 datum:
962 3081 1022 3124 nec
1039 3061 1125 3125 enim
1144 3071 1255 3145 potest
1269 3062 1398 3128 animal

247 3162 398 3230 iniuriam
413 3163 529 3228 secisse
544 3163 616 3243 dici,
627 3164 716 3248 quod
731 3183 829 3227 sensu
845 3173 942 3230 caret.
972 3165 1053 3230 haec
1068 3165 1158 3249 quod
1175 3167 1219 3230 ad
1236 3168 1398 3234 noxalem

248 3268 412 3333 actionem
427 3269 580 3351 pertinet.

284 3524 339 3596 57.
359 3527 420 3580 Tm
432 3526 516 3580 noxal
533 3525 683 3581 surrender
700 3525 734 3580 of
746 3525 917 3582 filiifamilias
932 3527 1033 3598 (Gaius
1045 3529 1082 3585 iv.
1096 3541 1139 3599 74.
1152 3543 1188 3601 79
1206 3535 1308 3604 speaks
1328 3535 1400 3604 only

248 3611 280 3664 oi
289 3609 363 3674 sons)
378 3626 434 3661 was
447 3609 566 3663 effected
578 3609 617 3677 by
628 3608 819 3679 mancipatio;
838 3611 905 3680 they
917 3611 1001 3667 stood
1018 3612 1048 3667 in
1065 3615 1208 3686 mancipio
1224 3627 1254 3672 to
1270 3619 1318 3672 the
1335 3635 1399 3673 snr-

248 3693 384 3747 renderee
398 3691 474 3758 (note
488 3707 523 3742 on
538 3690 588 3745 Bk.
600 3689 616 3746 i.
628 3691 644 3744 8
657 3690 753 3762 supe),
766 3693 814 3747 the
829 3693 980 3750 Sabinians
992 3695 1111 3766 holding
1122 3699 1184 3753 that
1196 3716 1252 3755 one
1265 3701 1324 3756 sale
1337 3719 1398 3757 vas

248 3772 387 3828 sufficient
406 3772 449 3826 sor
465 3772 521 3825 this
537 3789 668 3844 purpose,
681 3774 877 3832 ‘crediderunt
895 3777 971 3832 enim
989 3789 1046 3834 tres
1065 3781 1127 3851 lege
1146 3781 1296 3839 duodecim
1314 3786 1399 3840 tabu·

248 3859 338 3912 larum
351 3855 389 3910 ad
401 3855 572 3911 voluntarias
585 3857 809 3928 mancipationes
822 3860 977 3930 pertinere’
989 3863 1078 3919 Gaius
1091 3864 1125 3920 iv.
1140 3879 1180 3935 79

284 3943 399 4009 Among
418 3940 467 3994 the
487 3939 610 3996 ‘veteres
630 3943 724 4012 legum
746 3947 999 4002 commentatores’
1017 3964 1065 4002 are
1085 3949 1173 4004 Gaius
1191 3949 1312 4019 himself,
1327 3951 1396 4022 Dig.

249 4039 292 4091 44.
306 4036 331 4090 7.
344 4037 378 4092 39
391 4042 399 4090 ς
413 4023 594 4094 Pomponius,
609 4025 675 4096 Dig.
688 4041 712 4096 ᾳ
726 4042 751 4094 4
766 4041 799 4095 33
812 4049 819 4094 ;
838 4027 974 4098 Julianus,
988 4029 1024 4085 ib.
1039 4045 1081 4100 34,
1094 4032 1151 4086 and
1165 4033 1280 4104 Ulpian,
1295 4035 1360 4105 Dig.
1372 4049 1396 4106 5.

253 4121 274 4162 r.
286 4121 316 4177 57
330 4127 336 4173 ;
355 4121 379 4176 9.
389 4122 415 4175 3.
426 4119 473 4174 r.7
485 4127 493 4175 ;
511 4122 534 4177 9.
544 4122 569 4174 4.
578 4123 594 4177 3
598 4121 620 4178 5.
653 4111 709 4164 For
718 4110 881 4180 Justinian's
891 4113 1054 4170 affectation
1065 4115 1098 4170 os
1106 4115 1179 4186 legal
1191 4119 1398 4176 conservatism

249 4191 285 4246 cl.
299 4191 351 4246 Bk.
366 4190 393 4246 ii.
410 4205 449 4257 14.
462 4208 512 4261 pr,
525 4191 551 4246 ii.
567 4207 609 4248 20.
622 4207 657 4262 34
669 4209 745 4264 supr.

285 4279 344 4330 ¹1'it
359 4277 417 4330 1x.
436 4275 499 4328 The
515 4275 674 4330 conditions
691 4276 782 4332 under
794 4277 885 4334 which
897 4281 945 4336 the
958 4281 1042 4336 noxal
1059 4280 1133 4337 actio
1150 4281 1186 4338 de
1198 4278 1332 4354 pauperie
1350 4287 1399 4356 lay

250 4375 299 4414 are
314 4358 475 4426 accurately
487 4358 580 4413 stated
599 4358 627 4412 in
646 4359 702 4414 this
716 4359 798 4416 Title.
836 4364 879 4432 By
899 4366 948 4419 the
965 4365 1077 4420 Twelve
1097 4367 1201 4422 Tables
1220 4369 1269 4422 the
1291 4368 1399 4426 animal

252 4451 327 4498 must
340 4440 376 4496 he
388 4440 559 4496 four-footed
573 4441 650 4514 (Dig.
664 4457 688 4514 p
706 4457 729 4498 1.
745 4457 768 4498 1.
781 4443 817 4515 2),
831 4445 880 4502 but
894 4447 931 4518 by
944 4447 1136 4504 construction
1148 4449 1196 4505 the
1208 4451 1326 4524 remedy
1339 4470 1399 4510 vas
