3176 5022
219 330 332 394 mas]
657 331 718 386 oa
738 328 932 390 casnm.
1302 343 1364 410 291

219 493 395 561 heredibus
424 505 571 562 servatur
599 509 634 564 et
663 507 772 564 recte:
804 501 938 564 nomina
963 501 1051 564 enim
1077 499 1366 584 significandorum

219 601 391 664 hominum
406 604 512 684 gratia
527 613 656 685 reperta
672 611 758 679 sunt,
775 605 831 686 qui
847 605 874 668 si
896 604 1045 686 quolibet
1065 604 1131 668 alio
1152 606 1252 669 modo
1271 604 1366 668 intel·

221 703 379 786 legantur,
406 705 486 768 nihil
511 706 655 770 interest.
703 707 792 771 Huic
817 709 970 790 proxima
995 715 1045 772 est
1071 707 1128 772 illa
1153 708 1230 772 iuris
1256 707 1368 790 regula
1381 716 1416 771 ³0

220 807 304 872 salsa
318 809 600 875 demonstratione
621 812 765 895 legatum
789 831 855 875 non
877 813 1011 894 peremi.
1054 812 1156 876 veluti
1179 813 1206 877 si
1228 814 1301 894 quis
1323 813 1369 878 ita

222 911 378 994 legaverit
395 913 567 978 ‘Stichum
582 933 712 979 servum
729 936 838 979 meum
853 935 989 980 vernam
1004 916 1048 980 do
1063 915 1139 999 lego
1152 912 1173 980 :’
1187 915 1264 982 licet
1281 919 1370 984 enim

223 1035 289 1079 non
308 1037 418 1094 verna,
438 1021 496 1083 sed
519 1029 653 1103 emptus
670 1021 724 1096 sit,
744 1022 787 1085 de
810 1039 904 1084 servo
927 1029 1039 1084 tamen
1063 1029 1202 1100 constat,
1217 1021 1297 1088 utile
1319 1029 1370 1084 est

223 1120 380 1202 legatum.
434 1132 469 1187 et
498 1124 731 1188 convenienter
759 1125 787 1186 si
817 1124 863 1188 ita
893 1125 1167 1189 demonstraverit
1198 1123 1369 1190 ‘Stichum

223 1243 363 1301 servum,
375 1245 475 1308 quem
491 1247 511 1290 a
528 1227 606 1292 Seio
621 1224 705 1306 emi,’
718 1228 826 1310 sitque
837 1227 879 1291 ab
894 1227 959 1291 alio
974 1236 1114 1310 emptus,
1127 1226 1208 1294 utile
1223 1227 1370 1309 legatum

224 1337 283 1405 est,
298 1330 325 1391 si
340 1329 384 1393 de
398 1349 493 1394 servo
510 1340 652 1396 constat.
697 1329 814 1413 Longe
833 1331 939 1414 magis
957 1330 1069 1414 legato
1089 1329 1172 1395 salsa
1189 1351 1288 1396 causa
1304 1349 1370 1394 non
1384 1336 1416 1390 ³1

225 1442 330 1497 nocet.
374 1435 475 1499 veluti
498 1456 573 1500 cum
597 1437 644 1499 ita
666 1438 740 1518 quis
761 1436 905 1500 dixerit:
930 1435 1050 1512 ‘Titi0‚
1068 1437 1145 1518 qula
1165 1435 1303 1500 absente
1318 1453 1372 1498 mc

225 1538 357 1618 negotia
380 1558 455 1602 mea
474 1540 607 1618 curavit,
631 1539 782 1604 Stichum
806 1540 851 1604 do
873 1539 969 1622 lego‚’
984 1539 1037 1604 vel
1060 1539 1126 1604 ita:
1150 1545 1160 1576 ‘
1171 1538 1271 1617 Titio,
1295 1538 1372 1621 quia

225 1641 408 1722 patrocinio
437 1645 506 1706 eius
535 1643 668 1727 capitali
694 1644 829 1708 crimine
855 1642 1014 1707 liberatus
1040 1663 1122 1716 sum,
1149 1641 1301 1707 Stichum
1327 1642 1373 1706 do

225 1743 333 1826 lego?
361 1747 438 1811 licet
467 1749 555 1812 enim
590 1767 698 1832 neque
727 1748 861 1830 negotia
892 1747 1058 1812 testatoris
1087 1765 1245 1830 umquam
1271 1746 1374 1829 gessit

226 1848 335 1915 Titius
365 1849 473 1934 neque
502 1854 684 1936 patrocinio
714 1855 783 1917 cius
812 1851 970 1917 liberatus
997 1861 1055 1926 est,
1083 1851 1230 1934 legatum
1261 1859 1374 1914 tamen
1416 1919 1420 1928 ,

226 1953 324 2019 valet.
378 1958 436 2021 sed
467 1959 494 2022 si
524 1957 792 2023 condicionaliter
822 1957 994 2021 enuntiata
1024 1956 1121 2020 luerit
1150 1975 1258 2033 causa,
1284 1953 1374 2018 aliud

227 2059 304 2121 iuris
326 2069 385 2140 cst,
400 2062 502 2126 veluti
527 2062 590 2127 hoc
613 2063 733 2127 modo:
757 2061 877 2139 ‘Titi0‚
901 2061 928 2124 si
952 2060 1086 2142 negotia
1111 2079 1184 2123 mea
1206 2058 1375 2135 curaverit,

227 2161 366 2226 fundum
382 2165 426 2228 do
441 2161 536 2248 lego?
579 2165 637 2230 An
655 2185 750 2230 servo
769 2164 899 2228 heredis
918 2173 1006 2227 recte
1024 2163 1182 2246 legamus,
1199 2161 1376 2244 quaeritur.
1390 2163 1424 2218 32

229 2274 263 2328 et
278 2275 409 2331 constat
424 2289 505 2352 pure
520 2270 679 2334 inutiliter
693 2270 794 2352 legari
810 2267 1067 2350 necquidquam
1083 2265 1248 2349 proficere,
1260 2266 1287 2329 si
1301 2265 1377 2328 vivo

228 2377 389 2435 testatore
409 2373 452 2436 de
472 2383 638 2456 potestate
655 2373 785 2438 heredis
801 2373 927 2447 exierit,
945 2372 1023 2454 quia
1043 2369 1133 2453 quod
1156 2369 1271 2434 inutile
1292 2367 1378 2432 soret

230 2473 385 2557 legatum,
402 2478 429 2540 si
453 2480 564 2542 statim
588 2487 664 2562 post
686 2477 811 2543 lactum
834 2484 1072 2541 testamentum
1096 2475 1289 2540 decessisset
1312 2483 1378 2538 tes·

229 2587 326 2655 tator,
342 2579 406 2644 hoc
426 2602 492 2645 non
514 2583 614 2647 debet
634 2584 709 2647 ideo
725 2581 845 2657 valere,
862 2581 940 2664 quia
955 2579 1078 2644 diutius
1095 2587 1236 2644 testator
1250 2577 1378 2642 vixerit.

231 2681 292 2744 sub
322 2685 515 2750 condicione
544 2707 622 2750 vero
651 2697 739 2751 recte
765 2685 902 2768 legatur,
926 2693 963 2748 ut
994 2684 1205 2765 requiramus,
1231 2701 1284 2756 an,
1312 2699 1380 2762 quo

230 2795 378 2870 tempore
400 2790 471 2854 dies
489 2791 588 2875 legati
611 2793 707 2870 cedit,
729 2793 762 2854 in
787 2797 954 2874 potestate
979 2787 1109 2852 heredis
1133 2807 1199 2850 non
1223 2786 1276 2851 sit.
1323 2783 1380 2847 Ex
1394 2789 1429 2844 33

231 2891 360 2956 diverso
378 2892 500 2958 herede
522 2896 673 2960 instituto
696 2915 791 2959 servo
813 2895 893 2977 quin
916 2893 1052 2956 domino
1075 2899 1164 2955 recte
1186 2890 1287 2954 etiam
1310 2889 1382 2952 sine

231 2997 424 3062 condicione
453 2999 591 3082 legetur,
622 3020 688 3064 non
719 2999 899 3064 dubitatur.
945 3005 1082 3060 namet
1111 2996 1138 3059 si
1168 2994 1282 3058 statim
1306 3001 1383 3075 post

271 3287 349 3360 530.
368 3292 529 3364 ‘Quicquid
543 3293 754 3349 demonstratae
773 3292 814 3347 rei
833 3289 947 3346 additur
962 3289 1031 3345 satis
1050 3289 1269 3356 demonstratae,
1281 3287 1385 3342 frustra

235 3375 293 3428 est’
306 3374 372 3445 Dig.
386 3389 427 3445 33.
442 3391 467 3443 4.
484 3393 506 3430 1.
520 3377 545 3445 8,
558 3377 606 3432 the
619 3393 721 3432 reason
734 3375 821 3445 being
832 3376 894 3430 that
908 3370 1127 3428 ‘demonstratio
1142 3372 1307 3442 plerumque
1323 3369 1384 3425 vice

236 3458 358 3514 nominis
371 3460 511 3529 iungitur’
525 3459 590 3530 Dig.
606 3473 648 3530 35.
665 3475 687 3514 1.
701 3475 742 3528 34

273 3539 287 3611 ξ
301 3545 346 3596 31.
365 3543 427 3597 The
439 3544 554 3612 general
567 3545 626 3598 rule
639 3543 663 3597 is
676 3543 737 3597 that
751 3559 768 3596 a
781 3549 986 3609 testamentary
998 3537 1166 3610 disposition
1180 3537 1204 3592 is
1217 3535 1283 3592 void
1301 3536 1326 3592 ii
1336 3537 1385 3591 the

236 3626 376 3680 testator's
391 3625 496 3681 motive
516 3627 544 3681 in
563 3625 680 3696 making
698 3626 719 3682 it
738 3625 762 3680 is
782 3643 799 3680 a
817 3623 958 3680 mistalren
974 3641 1037 3692 one,
1050 3639 1073 3678 e.
1080 3640 1107 3692 g.
1120 3621 1145 3676 ii
1154 3623 1191 3676 he
1204 3621 1386 3691 erroneously

238 3724 375 3779 supposes
391 3711 441 3765 the
456 3709 600 3766 institutus
618 3727 650 3764 or
664 3711 774 3780 legatee
787 3719 817 3764 to
829 3710 902 3764 have
916 3706 1004 3764 saved
1016 3705 1061 3762 his
1073 3705 1130 3774 lise,
1143 3715 1173 3760 to
1185 3706 1221 3760 be
1234 3705 1279 3760 bis
1292 3715 1386 3776 agent,

237 3803 310 3848 etcr
330 3793 388 3848 and
406 3793 427 3849 it
446 3793 470 3848 is
489 3795 556 3864 only
571 3795 738 3864 apparently
753 3795 814 3849 that
833 3791 889 3847 this
908 3792 932 3846 is
951 3790 1145 3846 contradicted
1164 3790 1203 3860 by
1215 3789 1263 3844 the
1282 3789 1387 3844 maxim

237 3875 309 3931 laisa
327 3893 414 3932 causa
431 3893 489 3934 non
508 3887 599 3932 nocet.
637 3878 683 3931 All
701 3877 762 3932 that
779 3878 828 3932 the
844 3877 927 3931 latter
943 3891 1042 3929 means
1059 3873 1083 3928 is
1101 3873 1162 3928 that
1179 3889 1216 3926 an
1229 3871 1388 3928 institution

239 3975 271 4013 or
283 3961 382 4030 legacy
395 3961 419 4016 is
431 3973 481 4017 not
495 3959 617 4016 avoided
626 3961 665 4031 by
674 3961 722 4015 the
732 3978 809 4016 mere
819 3960 875 4014 lact
887 3960 947 4015 that
961 3959 1009 4013 the
1022 3967 1140 4013 testator
1152 3965 1240 4011 states
1253 3973 1271 4010 a
1283 3953 1388 4010 motive

238 4043 282 4097 lor
292 4043 338 4099 his
350 4044 519 4116 disposition
532 4044 624 4100 which
644 4044 667 4100 is
685 4045 800 4100 unreal:
820 4054 851 4099 to
868 4042 953 4098 avoid
972 4041 993 4096 it
1012 4040 1033 4096 it
1053 4049 1128 4095 must
1147 4039 1208 4094 also
1226 4040 1263 4093 be
1281 4037 1387 4109 proved

239 4127 301 4182 that
313 4129 349 4183 be
362 4128 490 4184 believed
504 4127 524 4184 it
537 4139 567 4184 to
579 4129 615 4183 be
628 4129 687 4183 real
701 4147 707 4183 :
726 4127 845 4182 ‘salsam
863 4141 979 4181 causam
995 4125 1090 4192 legato
1106 4139 1164 4176 non
1181 4122 1283 4177 obesse
1296 4118 1388 4174 verius

240 4221 291 4278 est,
311 4211 378 4283 quia
399 4212 472 4268 ratio
493 4212 607 4282 legandi
629 4213 724 4282 legato
746 4227 804 4266 non
827 4211 978 4265 cohaeret:
1005 4206 1057 4262 sed
1079 4207 1245 4276 plerumque
1266 4202 1324 4259 doli
1343 4219 1389 4258 ex-

240 4294 333 4365 ceptio
351 4297 445 4351 locum
463 4295 588 4366 habebit,
611 4295 634 4350 si
653 4295 788 4366 probetur
806 4294 876 4349 alias
894 4293 1037 4362 legaturus
1056 4307 1114 4346 non
1133 4287 1235 4344 ivisse’
1260 4287 1327 4358 Dig.
1347 4299 1388 4356 35.

244 4396 265 4434 1.
280 4393 321 4448 7²·
335 4381 373 4448 6;
392 4381 428 4436 ct.
442 4381 510 4436 Cod.
525 4381 551 4436 6.
564 4395 608 4448 44.
626 4395 648 4435 1.

277 4462 348 4536 §82
368 4463 439 4520 This
452 4463 616 4520 distinction
630 4463 758 4520 between
768 4479 786 4517 a
795 4463 895 4530 legacy
905 4459 988 4530 given
1001 4476 1079 4530 pure,
1087 4457 1145 4513 and
1157 4457 1210 4512 sub
1224 4455 1391 4512 condicione

790 4565 851 4615 Ua
