3112 5016
248 281 312 368 536
450 287 799 344 INSTITUTIONUM
817 285 937 340 LIBRI
956 284 1188 355 QUATTUOR.
1279 286 1396 352 [Liblv.

203 472 235 524 14
250 455 306 521 Sic
322 456 433 537 itaque
453 453 601 518 discretis
624 453 808 518 actionibus
830 463 956 516 certum
978 462 1029 516 est
1051 472 1115 516 non
1137 472 1234 534 posse
1249 460 1395 516 actorem

250 580 318 623 rem
340 579 434 622 suam
456 561 501 622 ita
517 559 560 621 ab
575 557 685 640 aliquo
706 567 820 640 petere
835 557 881 620 ‘si
900 566 994 638 paret
1016 576 1091 619 eum
1110 557 1188 619 dare
1208 555 1396 638 oportere’:

249 683 310 726 nec
326 663 411 726 enim
428 662 517 745 quod
534 663 653 726 actoris
672 671 721 725 est
742 661 775 724 id
792 662 821 724 ei
843 661 912 724 dari
934 668 1075 742 oportet,
1091 659 1168 742 quia
1189 660 1313 723 scilicet
1328 659 1397 722 dari

250 767 402 848 cuiquam
426 767 459 828 id
484 765 692 848 intellegitur,
716 766 805 847 quod
829 765 874 828 ita
899 765 1004 842 datur,
1025 775 1062 828 ut
1084 766 1153 828 eius
1176 764 1245 840 fiat,
1264 784 1326 827 nec
1350 785 1399 826 res

250 891 335 953 quae
351 871 416 933 iam
433 870 553 932 actoris
569 880 619 934 est
635 870 739 952 magis
751 871 821 932 eius
837 869 905 931 fieri
922 877 1043 951 potest.
1077 868 1175 950 plane
1189 869 1267 930 odio
1282 867 1399 944 surum,

251 995 317 1057 quo
333 973 438 1056 magis
454 973 600 1056 pluribus
615 974 798 1037 actionibus
814 983 998 1050 teneantur,
1011 971 1163 1035 effectum
1180 982 1239 1048 est,
1250 980 1286 1034 ut
1303 981 1399 1034 extra

251 1098 394 1160 poenam
426 1077 517 1160 dupli
548 1088 606 1142 aut
636 1077 810 1161 quadrupli
838 1077 882 1140 rei
913 1075 1120 1158 recipiendae
1150 1076 1283 1138 nomine
1314 1075 1400 1138 sures

253 1183 354 1246 etiam
385 1180 447 1245 hac
477 1183 607 1246 actione
634 1192 807 1245 teneantur
836 1181 881 1243 ‘si
908 1189 1002 1262 paret
1033 1200 1089 1243 eos
1120 1179 1200 1242 dare
1229 1174 1399 1262 oportere‚’

253 1286 404 1368 quamvis
427 1286 469 1349 sit
491 1287 649 1350 adversus
672 1307 729 1350 eos
749 1287 851 1350 etiam
871 1283 953 1348 haec
969 1284 1002 1347 in
1024 1303 1092 1347 rem
1113 1284 1209 1362 acti0,
1225 1303 1400 1366 perquam

206 1404 239 1459 15
255 1411 324 1454 rem
340 1410 433 1453 suam
449 1391 522 1472 quis
539 1411 610 1454 esse
626 1391 719 1472 petit.
765 1389 987 1472 Appellamus
1002 1397 1114 1452 autem
1133 1389 1165 1450 in
1182 1407 1250 1451 rem
1267 1386 1400 1469 quidem

253 1495 399 1557 actiones
411 1494 666 1557 vindicationes:
690 1494 722 1555 in
739 1513 913 1576 personam
929 1511 1007 1555 vero
1023 1493 1178 1568 actiones,
1190 1491 1309 1574 quibus
1325 1492 1402 1552 dare

253 1599 360 1662 lacere
381 1609 533 1680 oportere
554 1598 743 1675 intenditur,
769 1597 1001 1660 condictiones.
1045 1596 1216 1660 condicere
1241 1597 1331 1659 enim
1354 1603 1402 1658 est

253 1704 447 1768 denuntiare
470 1703 576 1785 prisca
597 1702 726 1784 lingua:
754 1721 839 1764 nunc
854 1721 931 1764 vero
954 1701 1087 1764 abusive
1110 1701 1249 1764 dicimus
1271 1699 1403 1763 condic·

254 1807 379 1870 tionem
395 1807 558 1870 actionem
576 1807 608 1869 in
625 1825 800 1888 personam
817 1825 898 1880 esse,
911 1826 976 1887 qua
994 1815 1086 1868 actor
1101 1804 1240 1868 intendit
1257 1805 1327 1866 dari
1344 1803 1402 1866 sibi

254 1921 424 1994 oportere:
449 1909 538 1972 nulla
554 1911 641 1973 enim
657 1909 720 1973 hoc
735 1919 885 1990 tempore
900 1929 939 1971 eo
955 1907 1088 1970 nomine
1103 1907 1310 1970 denuntiatio
1327 1907 1373 1969 fit.

210 2030 241 2083 16
301 2013 451 2097 Sequens
475 2012 530 2076 illa
558 2015 674 2076 divisio
697 2023 755 2088 est,
782 2013 871 2095 quod
900 2011 1064 2094 quaedam
1087 2013 1233 2074 actiones
1257 2011 1301 2074 rei
1332 2029 1403 2092 per-

255 2119 443 2200 sequendae
469 2117 574 2199 gratia
603 2127 813 2199 comparatae
837 2125 922 2190 sunt,
948 2115 1111 2196 quaedam
1142 2135 1269 2198 poenae
1295 2133 1403 2196 perse-

210 2223 416 2304 rrquendae,
443 2221 608 2304 quaedam
641 2222 766 2284 mixtae
797 2230 883 2283 sunt.
936 2220 997 2282 Rei
1029 2219 1277 2302 persequendae
1307 2237 1404 2282 causa

257 2335 467 2407 comparatae
480 2335 556 2388 sunt
573 2345 687 2388 omnes
703 2325 735 2387 in
749 2345 817 2387 rem
830 2325 985 2388 actiones
1017 2343 1127 2386 earum
1140 2343 1218 2386 vero
1230 2324 1404 2397 actionum,

259 2582 291 2634 os
306 2583 383 2636 them
403 2582 446 2637 ‘in
465 2601 526 2638 rem
544 2600 608 2638 esse
627 2581 771 2636 videntur'
783 2581 906 2635 because
924 2581 972 2634 the
991 2579 1117 2649 plaintiff
1129 2579 1210 2634 ‘cum
1228 2596 1263 2633 eo
1282 2579 1341 2648 agit
1360 2577 1404 2648 qui

259 2666 335 2718 nullo
349 2666 407 2720 iure
420 2667 446 2721 ei
459 2667 600 2736 obligatus
610 2677 661 2732 est,
672 2673 766 2718 movet
776 2674 872 2718 tamen
883 2663 965 2717 alicui
976 2664 1012 2718 de
1022 2663 1116 2734 aliqua
1129 2681 1159 2718 re
1172 2663 1405 2718 controversiam’
1507 2657 1508 2666 ’

261 2747 274 2817 ξ
293 2764 302 2802 1
319 2765 392 2818 supr.
406 2768 412 2804 ε
432 2751 465 2804 cl.
482 2750 570 2805 Gaius
584 2750 618 2804 iv.
633 2751 665 2815 87
679 2766 685 2816 ;
705 2749 811 2816 though
825 2747 853 2802 in
868 2765 946 2802 some
959 2765 1095 2816 passages
1110 2748 1176 2816 (eg.
1188 2746 1255 2815 Dig.
1268 2761 1311 2812 44.
1326 2761 1351 2814 7.
1365 2759 1405 2813 37.

260 2849 299 2901 pr.
315 2852 322 2896 ;
340 2833 364 2886 6.
380 2847 400 2885 r.
419 2847 439 2886 1.
455 2833 480 2900 2)
495 2835 562 2901 they
575 2849 623 2887 are
636 2831 763 2901 opposed
776 2843 806 2885 to
819 2830 1031 2885 vindicationes
1064 2832 1126 2885 The
1139 2829 1342 2900 praeiudicium
1356 2831 1405 2883 ‘an

261 2915 361 2985 aliquis
374 2915 444 2969 liber
457 2915 507 2970 sit’
519 2933 576 2970 was
590 2916 669 2970 older
682 2931 752 2969 even
766 2917 835 2969 than
849 2915 897 2969 the
911 2915 1024 2969 Twelve
1037 2915 1141 2969 Tables
1155 2933 1160 2969 :
1181 2913 1238 2968 ‘ius
1252 2913 1329 2984 quod
1349 2913 1406 2982 ipse

260 2997 381 3069 [Appius
400 2999 546 3071 Claudius]
559 3019 592 3056 ex
605 3010 699 3054 vetere
717 2999 776 3054 iure
794 2998 821 3053 in
835 2998 986 3053 duodecim
1002 2999 1113 3053 tabulas
1131 2999 1326 3053 transtulerat'
1340 2997 1404 3066 Dig.

265 3098 286 3136 r.
302 3097 325 3136 2.
340 3098 363 3137 2.
378 3097 420 3150 ²4·

298 3164 311 3236 ξ
326 3169 371 3220 14.
392 3166 434 3221 Ol
448 3183 547 3222 course
566 3169 614 3222 the
634 3167 796 3237 expression
811 3165 849 3220 ‘si
870 3176 958 3236 paret,
975 3169 1037 3221 etc.'
1054 3167 1105 3221 has
1124 3183 1161 3220 no
1180 3166 1280 3220 formal
1297 3181 1329 3219 or
1347 3181 1407 3236 pro·

263 3251 372 3305 cessual
393 3249 581 3320 signification
601 3251 629 3304 in
648 3249 808 3321 Justinian;
828 3250 864 3303 all
883 3251 944 3304 that
965 3249 988 3303 is
1008 3260 1104 3304 meant
1127 3249 1150 3304 is
1169 3251 1230 3304 that
1251 3267 1269 3304 a
1290 3247 1411 3320 plaintiff

262 3343 365 3388 cannot
384 3334 423 3402 by
435 3351 453 3387 a
471 3335 528 3388 real
548 3333 642 3388 action
661 3333 785 3388 demand
804 3349 984 3402 conveyance
1003 3333 1102 3402 (datio)
1119 3333 1170 3387 but
1189 3335 1295 3402 merely
1314 3349 1407 3401 recog·

262 3417 351 3472 nition
365 3417 397 3471 ol
405 3417 449 3470 his
463 3418 621 3487 ownership
634 3435 666 3470 or
679 3418 759 3471 other
772 3417 814 3471 ius
828 3416 856 3470 in
870 3434 938 3470 rem.
967 3418 1023 3470 For
1035 3419 1083 3472 the
1096 3418 1229 3485 anomaly
1238 3417 1271 3469 of
1279 3417 1406 3483 allowing
1507 3407 1508 3412 ¹

262 3519 279 3555 a
293 3518 395 3570 person
409 3502 503 3554 whose
516 3511 649 3570 property
658 3501 710 3554 has
723 3501 795 3554 been
809 3501 899 3554 stolen
914 3501 962 3555 the
974 3500 1072 3570 option
1086 3500 1212 3554 between
1223 3517 1240 3553 a
1252 3501 1309 3554 real
1322 3499 1379 3553 and
1392 3515 1407 3550 a

263 3585 394 3653 personal
413 3584 507 3638 action
527 3602 575 3638 see
588 3601 616 3654 p.
633 3597 681 3653 507
696 3601 770 3653 supr.
810 3585 842 3637 ln
857 3583 913 3638 this
926 3583 1093 3638 connection
1108 3583 1210 3637 lurtum
1225 3583 1350 3636 includes
1361 3592 1406 3636 not

263 3667 330 3736 only
339 3666 445 3735 rapina,
456 3667 506 3720 but
519 3667 623 3720 violent
636 3678 731 3720 ouster
743 3667 815 3720 from
828 3668 913 3722 land:
936 3667 979 3721 ‘et
992 3667 1026 3736 ei,
1040 3665 1087 3738 qui
1100 3665 1126 3720 vi
1140 3666 1264 3737 aliquem
1278 3667 1315 3721 de
1323 3665 1407 3720 iundo

263 3749 396 3803 deiecerit
410 3767 494 3819 posse
508 3749 633 3804 condici’
653 3750 719 3818 Dig.
737 3765 776 3818 13.
790 3766 815 3818 3.
830 3765 854 3804 2.
872 3763 912 3820 15.

245 3867 249 3874 ·
300 3830 314 3902 ξ
328 3835 373 3885 15.
394 3834 450 3886 For
462 3833 510 3887 the
524 3832 613 3902 origin
626 3833 683 3886 and
697 3833 802 3904 history
813 3834 845 3887 of
854 3833 996 3888 condictio
1009 3851 1057 3889 see
1071 3836 1213 3888 Excursus
1224 3835 1251 3888 X
1262 3833 1310 3889 inl.
1350 3835 1407 3888 The

264 3916 388 3985 grounds
402 3933 478 3986 upon
491 3916 582 3970 which
600 3915 621 3970 it
640 3917 686 3985 lay
699 3935 770 3971 were
789 3919 838 3972 the
857 3935 936 3972 same
956 3917 984 3971 in
1002 3917 1166 3987 Justinian's
1184 3917 1254 3972 time
1271 3917 1346 3972 asin
1363 3919 1409 3972 the

265 4002 417 4070 formulary
429 4001 528 4072 period
540 4021 546 4066 ;
567 3999 617 4054 viz.
630 4011 766 4071 mutuum,
779 4002 879 4056 formal
898 4012 1033 4071 contract,
1050 4001 1183 4071 legatum,
1194 4003 1238 4056 lex
1255 3999 1281 4072 (ξ
1297 4017 1330 4068 24
1343 4000 1408 4068 inl),

266 4084 323 4139 and
335 4084 511 4138 enrichment
525 4083 582 4138 ola
595 4084 747 4138 defendant
761 4095 790 4139 at
803 4085 852 4138 the
865 4084 1010 4154 plaintiff's
1024 4096 1084 4139 eost
1098 4085 1159 4139 sine
1176 4101 1263 4140 causa
1276 4105 1283 4151 ;
1301 4085 1351 4139 but
1364 4085 1408 4138 the

266 4169 349 4238 penal
363 4167 479 4238 sponsio
492 4166 590 4222 tertiae
603 4167 691 4237 partis
709 4167 737 4221 in
751 4167 893 4222 condictio
906 4168 974 4223 certi
992 4169 1050 4222 had
1068 4168 1265 4239 disappeared,
1279 4185 1310 4223 as
1323 4167 1408 4236 might

266 4253 302 4306 be
315 4251 437 4306 inferred
449 4251 520 4305 lrom
534 4253 581 4306 the
595 4251 767 4321 description
780 4251 808 4306 in
823 4250 836 4322 ξ
855 4265 885 4318 17
900 4251 947 4306 ins.
959 4253 992 4306 os
1001 4253 1048 4307 the
1060 4253 1177 4322 remedy
1190 4269 1227 4306 on
1240 4263 1367 4307 mutuum
1379 4267 1408 4305 as

266 4335 371 4403 merely
384 4334 424 4389 rei
438 4333 635 4404 persecutoria

303 4416 375 4488 §l‘h
397 4417 515 4474 Actions
537 4417 575 4472 rei
597 4418 810 4488 persequendae
831 4435 918 4474 causa
939 4436 986 4474 are
1006 4419 1119 4473 defined
1141 4437 1173 4474 as
1195 4419 1276 4474 those
1298 4417 1409 4489 ‘quibus
