3176 5022
228 321 279 372 Tit.
288 314 325 382 6.]
504 313 565 369 DE
589 313 802 369 GRADIBUS
824 311 848 369 C
849 312 961 370 OGNA
968 313 995 369 T
992 313 1119 371 IONIS.
1317 321 1380 394 357

230 499 420 562 eorumque,
447 475 504 562 qui
528 499 573 544 ex
596 477 648 544 his
672 487 939 562 progenerantur,
960 488 994 544 et
1019 475 1251 543 convenienter
1273 479 1381 562 patrui

228 583 351 646 amitae
377 583 531 647 avunculi
557 591 762 648 materterae.
802 591 836 646 et
861 582 1008 665 superior
1033 582 1167 664 quidem
1194 590 1228 646 et
1251 581 1382 648 inferior

228 687 382 770 cognatio
406 707 427 751 a
453 687 560 770 primo
585 687 690 770 gradu
718 685 851 769 incipit:
880 695 916 750 at
943 707 991 764 ea,
1014 707 1100 770 quae
1126 707 1170 750 ex
1194 695 1381 752 transverso

227 801 428 868 numeratur,
452 812 471 854 a
494 791 649 854 secundo.
695 789 805 853 Primo
827 791 932 872 gradu
957 798 1007 854 est
1030 810 1129 873 supra
1149 799 1245 872 pater
1264 799 1408 866 mater,l

227 892 310 958 inira
326 892 413 956 filius
429 893 505 958 lilia.
552 892 707 958 Secundo
723 912 822 976 supra
840 913 921 957 avus
938 893 1020 970 avia,
1039 893 1122 957 inira
1142 913 1246 976 nepos
1261 895 1378 978 neptis,
1392 909 1410 964 2

227 1019 272 1060 ex
301 1008 487 1062 transverso
512 997 613 1063 irater
636 1017 736 1064 soror.
796 997 911 1063 Tertio
937 1019 1035 1082 supra
1063 1017 1205 1080 proavus
1234 998 1409 1081 proavia,³

226 1100 310 1164 inira
345 1121 510 1184 pronepos
542 1101 721 1186 proneptis,
756 1121 800 1165 ex
833 1109 1019 1166 transverso
1056 1100 1165 1166 fratris
1193 1101 1379 1185 sororisque

226 1203 312 1268 filius
328 1204 395 1269 filia
410 1215 444 1270 et
464 1205 697 1269 convenienter
717 1214 855 1288 patruus
874 1205 977 1269 amita
992 1203 1172 1269 avunculus
1191 1213 1377 1270 matertera.

226 1317 364 1390 patruus
380 1319 431 1372 est
446 1309 549 1390 patris
564 1307 673 1387 frater,
685 1309 742 1390 qui
755 1306 882 1372 Graece
895 1305 1009 1387 πάτρως
1019 1318 1174 1374 vocatur:
1197 1308 1378 1374 avunculus

226 1421 277 1477 est
296 1414 410 1478 matris
425 1413 534 1490 frater,
550 1413 606 1496 qui
621 1412 712 1495 apud
729 1410 873 1476 Graecos
893 1413 1025 1496 proprie
1041 1410 1157 1492 μήτρως
1170 1413 1376 1497 appellatur:

226 1525 260 1580 et
282 1517 468 1606 promiscue
489 1518 569 1582 θεῖος
590 1516 720 1580 dicitur.
758 1517 861 1581 amita
884 1526 935 1581 est
954 1517 1057 1600 patris
1078 1536 1178 1591 soror,
1203 1524 1378 1582 matertera

224 1639 302 1683 vero
324 1621 439 1684 matris
460 1639 571 1684 soror:
595 1629 735 1702 utraque
757 1619 824 1682 θεία
845 1619 897 1683 vel
922 1618 1013 1704 apud
1035 1619 1198 1704 quosdam
1220 1621 1301 1699 τηθίς
1318 1641 1377 1704 ap·

224 1721 377 1805 pellatur.
423 1722 552 1806 Quarto
573 1724 679 1806 gradu
702 1743 802 1806 supra
823 1723 948 1788 abavus
970 1723 1096 1802 abavia,
1119 1723 1203 1790 inira
1229 1723 1408 1808 abnepos4

223 1828 386 1910 abneptis,
403 1849 447 1891 ex
462 1837 648 1892 transverso
666 1826 774 1892 fratris
794 1829 980 1910 sororisque
1002 1849 1106 1911 nepos
1122 1829 1230 1912 neptis
1245 1838 1279 1918 et
1300 1849 1376 1893 con-

223 1933 395 1996 venienter
416 1940 554 2014 patruus
576 1950 717 2014 magnus
736 1931 841 1996 amita
863 1952 985 2015 magna
1002 1928 1049 2018 (id
1074 1941 1124 1997 est
1146 1933 1199 1996 avi
1221 1931 1323 1996 irater
1342 1943 1376 1997 et

224 2033 340 2122 soror),
356 2037 436 2100 item
455 2035 635 2100 avunculus
657 2055 797 2118 magnus
812 2044 990 2101 matertera
1012 2057 1133 2119 magna
1149 2037 1197 2123 (id
1218 2047 1268 2102 est
1283 2037 1376 2102 aviae

223 2141 324 2206 irater
339 2149 373 2205 et
394 2136 507 2227 soror),
524 2140 741 2205 consobrinus
762 2141 955 2204 consobrina
971 2138 1019 2228 (id
1041 2151 1091 2206 est
1111 2142 1167 2226 qui
1187 2162 1314 2225 quaeve
1332 2161 1376 2206 ex

223 2243 378 2308 iratribus
407 2253 465 2308 aut
494 2243 662 2308 sororibus
692 2239 977 2330 progenerantur).
1030 2246 1089 2310 sed
1119 2245 1254 2328 quidam
1288 2254 1376 2310 recte

223 2348 437 2412 consobrinos
459 2367 516 2412 eos
535 2348 666 2431 proprie
687 2356 807 2430 putant
827 2349 902 2426 dici,
921 2349 977 2433 qui
999 2369 1043 2413 ex
1063 2348 1192 2414 duabus
1211 2349 1376 2414 sororibus

223 2461 493 2536 progenerantur,
515 2453 609 2535 quasi
632 2452 878 2516 consororinos:
910 2474 968 2517 eos
989 2474 1075 2532 vero,
1099 2453 1155 2536 qui
1179 2473 1223 2516 ex
1245 2453 1376 2517 duobus

221 2556 377 2620 iratribus
407 2565 677 2639 progenerantur,
704 2557 837 2639 proprie
866 2555 984 2620 iratres
1010 2555 1175 2640 patrueles
1198 2557 1307 2620 vocari
1334 2553 1376 2643 (si

221 2641 334 2723 autem
358 2681 402 2724 ex
425 2659 557 2723 duobus
573 2659 728 2723 fratribus
747 2658 834 2724 filiae
857 2669 1043 2740 nascantur,
1063 2681 1189 2724 sorores
1208 2659 1375 2742 patrueles

221 2759 463 2849 appellantur):
488 2772 523 2827 at
554 2783 618 2839 eos,
649 2763 706 2846 qui
736 2783 781 2826 ex
811 2763 910 2828 sratre
937 2775 970 2828 et
1000 2783 1111 2828 sorore
1140 2772 1373 2848 propagantur,

220 2867 376 2930 amitinos
402 2867 534 2950 proprie
561 2867 625 2930 dici
653 2863 789 2951 (amitae
814 2876 892 2931 tuae
914 2866 972 2931 filii
996 2868 1228 2932 consobrinum
1251 2875 1286 2930 te
1313 2885 1372 2949 ap-

220 2971 358 3054 pellant,
374 2981 410 3036 tu
428 2970 502 3034 illos
522 2966 703 3055 amitinos).
749 2970 877 3054 Quinto
898 2993 997 3055 supra
1017 2982 1134 3037 atavus
1153 2971 1272 3047 atavia,
1289 2969 1403 3039 inlra5

220 3075 368 3157 adnepos
390 3074 553 3156 adneptis,
577 3095 620 3138 ex
647 3083 834 3139 transverso
858 3075 967 3139 fratris
993 3077 1179 3158 sororisque
1208 3093 1374 3158 pronepos

220 3180 390 3262 proneptis
413 3188 447 3243 et
470 3179 704 3243 convenienter
721 3189 919 3262 propatruus
941 3181 1105 3262 proamita
1120 3177 1167 3266 (id
1187 3188 1238 3242 est
1258 3179 1371 3260 proavi

220 3282 322 3347 irater
347 3293 381 3348 et
411 3278 525 3368 soror),
549 3282 792 3365 proavunculus
813 3290 1053 3365 promatertera
1077 3280 1123 3369 (id
1145 3291 1196 3347 est
1217 3283 1372 3364 proaviae

219 3387 320 3452 irater
344 3396 378 3451 et
401 3383 516 3473 soror),
540 3387 620 3451 item
645 3387 752 3452 fratris
776 3387 934 3470 patruelis
960 3389 1079 3451 sororis
1101 3384 1269 3470 patruelis,
1292 3405 1370 3450 con-

219 3493 341 3556 sobrini
366 3501 400 3556 et
422 3491 647 3570 consobrinae,
673 3493 803 3556 amitini
826 3493 984 3556 amitinae
1008 3491 1095 3556 filius
1121 3489 1198 3571 filia,
1221 3491 1372 3574 proprior

218 3595 369 3658 sobrinus
384 3595 518 3658 sobrina
530 3590 578 3680 (hi
596 3605 674 3660 sunt
685 3597 793 3678 patrui
806 3596 918 3679 magni
930 3596 1052 3660 amitae
1065 3615 1205 3678 magnae
1217 3593 1369 3657 avunculi

218 3700 330 3780 magni
347 3707 542 3762 materterae
554 3718 695 3780 magnae
707 3695 794 3762 filius
810 3697 900 3784 filia).
935 3699 1043 3765 Sexto
1058 3700 1162 3783 gradu
1179 3705 1255 3762 sunt
1271 3711 1399 3780 suprad

217 3804 356 3866 tritavus
379 3803 519 3880 tritavia,
539 3802 621 3866 inira
644 3804 792 3886 trinepos
812 3803 973 3888 trineptis,
994 3825 1038 3868 ex
1059 3814 1244 3868 transverso
1262 3801 1369 3866 fratris

217 3909 402 3989 sororisque
413 3907 562 3990 abnepos
573 3907 727 3989 abneptis
739 3917 772 3971 et
785 3910 1016 3973 convenienter
1027 3909 1208 3991 abpatruus
1220 3907 1369 3970 abamita

216 4007 265 4096 (id
281 4020 332 4074 est
352 4009 449 4074 abavi
472 4009 573 4074 irater
593 4021 626 4074 et
647 4007 751 4096 soror)
774 4011 999 4076 abavunculus
1016 4013 1238 4078 abmatertera
1253 4006 1300 4095 (id
1317 4017 1368 4074 est

216 4115 353 4178 abaviae
376 4114 477 4179 irater
500 4124 534 4178 et
556 4110 668 4199 soror),
688 4116 768 4179 item
793 4115 915 4180 sobrini
934 4116 1150 4198 sobrinaeque
1164 4111 1212 4200 (id
1236 4121 1288 4177 est
1310 4111 1366 4194 qui

215 4237 342 4301 quaeve
365 4239 410 4282 ex
430 4219 583 4286 iratribus
603 4218 656 4283 vel
678 4219 843 4285 sororibus
864 4219 1067 4304 patruelibus
1087 4218 1139 4282 vel
1162 4216 1366 4283 consobrinis

215 4320 267 4386 vel
297 4323 444 4388 amitinis
473 4320 754 4409 progenerantur).
812 4323 984 4388 Hactenus
1008 4323 1193 4388 ostendisse
1218 4319 1396 4401 sufficiet,7

215 4426 497 4512 quemadmodum
522 4429 644 4512 gradus
669 4427 874 4513 cognationis
894 4435 1116 4493 numerentur.
1156 4444 1301 4510 namque
1321 4444 1365 4490 ex
