3166 5022
227 337 289 386 212
430 325 782 386 INSTITUTIONUM
799 322 918 379 LIBRI
937 322 1173 396 QUATTUOR.
1268 322 1333 389 [Lib.
1342 327 1376 376 ΙΙ.

225 492 298 575 ipso
314 513 374 557 usu
390 501 645 557 consumuntur:
670 511 746 554 narn
765 511 823 554 eae
844 509 952 572 neque
967 487 1107 552 naturali
1124 486 1251 552 ratione
1267 508 1375 570 neque

226 596 311 660 civili
327 595 486 678 recipiunt
501 616 597 660 usum
612 595 764 658 fructum.
802 615 869 676 quo
890 613 1025 657 numero
1044 602 1121 657 sunt
1135 593 1248 656 vinum
1265 591 1374 655 oleum

224 698 425 764 frumentum
434 702 641 764 vestimenta.
664 701 783 781 quibus
795 699 948 781 proxima
962 707 1014 761 est
1029 697 1168 779 pecunia
1183 706 1374 760 numerata:

227 824 369 886 namque
389 805 423 867 in
441 805 514 887 ipso
539 826 600 869 usu
626 804 765 868 adsidua
786 801 1028 886 permutatione
1046 801 1296 884 quodammodo
1315 821 1374 863 ex-

226 908 394 990 tinguitur.
437 909 496 974 sed
523 907 674 972 utilitatis
698 928 796 972 causa
823 915 956 971 senatus
986 906 1114 970 censuit
1144 925 1243 988 posse
1274 905 1374 969 etiam

226 1031 338 1074 earum
363 1031 471 1074 rerum
495 1031 592 1076 usum
618 1011 761 1074 fructum
786 1010 949 1086 constitui,
975 1018 1012 1072 ut
1036 1019 1149 1072 tamen
1175 1029 1215 1073 eo
1242 1008 1375 1072 nomine

225 1114 338 1178 heredi
353 1115 475 1179 utiliter
490 1124 652 1180 caveatur.
675 1116 789 1198 itaque
800 1115 826 1178 si
842 1115 1001 1196 pecuniae
1017 1113 1230 1178 ususfructus
1245 1113 1375 1194 legatus

226 1219 278 1293 sit,
295 1219 342 1282 ita
356 1218 454 1282 datur
469 1219 635 1301 legatario,
645 1229 682 1282 ut
698 1219 766 1283 eius
782 1218 849 1298 fiat,
864 1228 899 1284 et
914 1218 1090 1300 legatarius
1105 1217 1245 1281 satisdat
1261 1216 1374 1280 heredi

225 1320 269 1384 de
287 1329 381 1385 tanta
395 1324 532 1405 pecunia
548 1323 757 1398 restituenda,
774 1323 801 1388 si
817 1323 974 1412 morietur
993 1331 1051 1386 aut
1071 1321 1179 1404 capite
1200 1322 1375 1384 r'ninuetur.

226 1434 356 1489 ceterae
376 1447 506 1509 quoque
527 1447 578 1490 res
600 1427 647 1490 ita
667 1427 842 1490 traduntur
863 1426 1033 1508 legatario,
1050 1434 1087 1488 ut
1105 1425 1175 1488 eius
1190 1425 1289 1488 fiant:
1315 1423 1373 1488 sed

226 1529 410 1594 aestimatis
432 1530 483 1594 his
506 1532 693 1605 satisdatur,
710 1541 755 1609 ut,
771 1533 797 1594 si
814 1531 971 1594 morietur
988 1539 1046 1593 aut
1069 1529 1177 1611 capite
1201 1529 1375 1604 minuetur,

226 1644 321 1700 tanta
344 1636 481 1718 pecunia
502 1637 702 1713 restituatur,
720 1636 834 1718 quanti
851 1655 910 1701 eae
925 1634 1044 1699 fuerint
1060 1633 1264 1698 aestimatae.
1295 1653 1375 1715 ergo

226 1750 360 1804 senatus
385 1761 451 1804 non
472 1739 550 1805 fecit
577 1741 713 1824 quidem
740 1760 851 1804 earum
877 1758 985 1804 rerum
1012 1759 1108 1803 usum
1135 1739 1274 1803 fructum
1300 1735 1375 1822 (nec

227 1843 316 1908 enirn
343 1841 496 1928 poterat),
520 1846 578 1908 sed
603 1865 663 1927 per
684 1845 870 1910 cautionem
894 1843 989 1926 quasi
1016 1863 1111 1906 usum
1132 1841 1275 1906 fructum
1297 1861 1376 1906 con-

197 1958 214 2012 3
227 1947 343 2012 stituit.
388 1945 416 2008 F
418 1948 518 2012 initur
532 1959 645 2012 autem
661 1969 739 2012 usus
754 1948 877 2011 fructus
894 1955 1000 2010 morte
1015 1945 1180 2010 fructuarii
1197 1955 1231 2012 et
1246 1946 1375 2009 duabus

226 2049 343 2133 capitis
366 2053 655 2128 deminutionibus,
673 2053 822 2116 maxima
843 2060 877 2115 et
901 2052 1019 2129 media,
1035 2059 1069 2114 et
1090 2071 1156 2114 non
1174 2051 1300 2114 utendo
1315 2071 1375 2133 per

226 2155 363 2218 modurn
379 2165 413 2219 et
428 2165 569 2238 tempus
581 2177 667 2238 quae
682 2156 794 2220 omnia
810 2163 922 2219 nostra
937 2153 1054 2218 statuit
1066 2153 1268 2219 constitutio.
1294 2155 1374 2219 item

225 2257 338 2324 finitur
364 2279 442 2323 usus
465 2259 597 2337 fructus,
621 2261 648 2323 si
675 2259 812 2324 domino
836 2257 1046 2341 proprietatis
1072 2257 1116 2322 ab
1134 2257 1374 2324 usufructuario

224 2363 362 2428 cedatur
373 2359 468 2450 ¹(nam
484 2374 643 2430 extraneo
661 2363 810 2428 cedendo
826 2362 906 2426 nihil
922 2359 1060 2448 agiturl:
1081 2361 1134 2426 vel
1151 2384 1195 2426 ex
1212 2367 1375 2428 contrario

223 2468 251 2531 si
275 2467 472 2531 fructuarius
495 2467 732 2550 proprietatem
754 2467 799 2530 rei
825 2466 1028 2549 adquisierit,
1049 2483 1135 2549 quae
1159 2487 1210 2530 res
1235 2467 1375 2532 consoli·

224 2571 316 2636 datio
340 2571 536 2654 appellatur.
568 2591 608 2634 eo
631 2569 774 2652 amplius
796 2579 935 2649 constat,
951 2571 978 2635 si
1001 2571 1102 2636 aedes
1124 2572 1276 2636 incendio
1298 2592 1375 2636 con-

223 2684 377 2758 sumptae
393 2674 513 2742 fuerint
528 2674 579 2738 vel
596 2676 698 2739 etiam
711 2684 818 2738 terrae
835 2685 927 2739 motu
943 2685 1001 2738 aut
1012 2676 1093 2740 vitio
1109 2697 1170 2739 suo
1185 2677 1374 2752 corruerint,

223 2779 374 2860 extingui
392 2799 487 2842 usum
504 2777 648 2844 fructum
667 2787 700 2842 et
717 2799 758 2842 ne
773 2799 872 2842 areae
891 2779 1027 2861 quidem
1047 2800 1143 2843 usum
1159 2780 1301 2844 fructum
1317 2781 1375 2844 de·

223 2967 398 3035 introduced,
421 2967 528 3034 though
551 2975 600 3021 not
622 2965 761 3036 precisely
782 2965 894 3034 known,
918 2965 942 3020 is
964 2967 1108 3036 supposed
1132 2978 1162 3023 to
1186 2968 1223 3023 lie
1246 2969 1375 3024 between

224 3047 324 3104 Cicero
344 3049 391 3118 (on
412 3058 533 3103 account
551 3048 585 3102 of
600 3050 672 3119 Top.
692 3064 708 3118 3
727 3049 801 3102 ‘non
825 3049 910 3103 debet
933 3065 968 3105 ea
986 3049 1093 3118 mulier,
1113 3050 1157 3105 cui
1176 3051 1219 3106 vir
1235 3051 1376 3106 bonorum

222 3149 337 3188 suorum
359 3133 563 3187 usumfructum
584 3131 697 3202 legavit,
720 3131 798 3186 cellis
820 3131 936 3187 vinariis
959 3142 989 3188 et
1010 3133 1123 3188 oleariis
1144 3134 1236 3204 plenis
1260 3135 1375 3204 relictis,

222 3227 321 3288 putare
342 3216 380 3271 ad
402 3234 432 3271 se
453 3215 603 3287 pertinere,
623 3233 691 3270 usus
714 3215 798 3285 enim,
820 3233 878 3270 non
901 3216 1008 3271 abusus
1028 3217 1138 3286 legatus
1158 3217 1223 3286 est’)
1245 3219 1303 3273 and
1325 3220 1375 3275 the

222 3309 384 3355 enactment
398 3300 430 3353 of
438 3300 487 3354 the
500 3299 544 3354 lex
558 3299 648 3369 Papia
662 3301 803 3369 Poppaea,
818 3299 909 3354 which
929 3300 1006 3354 often
1021 3299 1124 3370 speaks
1138 3301 1170 3354 of
1178 3301 1303 3357 usuhuct
1316 3304 1350 3356 of
1358 3319 1376 3357 a

222 3393 285 3454 part
303 3383 336 3437 of
349 3399 365 3438 a
383 3383 473 3436 whole
491 3392 635 3452 property.
673 3383 828 3436 Doubtless
841 3383 890 3438 the
903 3382 981 3437 main
1000 3382 1093 3454 object
1106 3385 1140 3438 of
1148 3385 1197 3439 the
1210 3384 1374 3440 innovation

222 3483 280 3521 was
302 3475 332 3520 to
356 3467 457 3521 enable
477 3475 611 3521 testators
633 3475 663 3520 to
681 3465 824 3536 bequeath
843 3483 861 3520 a
878 3467 994 3536 general
1013 3467 1141 3522 usufruct
1160 3484 1228 3523 over
1246 3469 1283 3523 all
1301 3468 1375 3523 their

222 3559 363 3620 property.
401 3550 476 3604 That
496 3549 544 3603 the
563 3547 638 3617 right
658 3565 715 3603 was
731 3558 781 3603 not
799 3565 817 3604 a
835 3549 961 3604 usufruct
979 3565 1084 3620 proper
1104 3549 1128 3605 is
1148 3551 1224 3606 clear
1235 3551 1307 3606 from
1326 3552 1375 3606 the

223 3641 281 3686 text
302 3632 319 3700 (‘
329 3649 382 3686 nec
398 3631 557 3686 usufructus
575 3633 634 3686 est'
651 3632 749 3700 fragm.
764 3633 829 3687 Vat.
842 3632 885 3702 46,
906 3631 978 3687 ‘non
998 3632 1027 3687 id
1039 3633 1180 3703 effectum,
1194 3643 1224 3688 ut
1237 3634 1375 3704 pecuniae

223 3714 397 3769 ususfructus
416 3713 529 3784 proprie
547 3715 638 3768 esset'
652 3714 717 3780 Dig.
732 3728 755 3782 7.
772 3727 796 3784 5.
810 3730 833 3770 2.
852 3715 886 3782 1).
911 3717 1025 3771 ,Under
1038 3718 1086 3771 the
1099 3719 1340 3773 senatus-consult
1353 3718 1374 3773 it

222 3797 307 3852 could
326 3797 362 3852 be
381 3795 495 3851 created
520 3797 587 3866 only
608 3797 647 3866 by
668 3797 722 3852 will
743 3797 762 3867 (⁴
769 3809 799 3852 ut
825 3797 952 3852 omnium
977 3815 1081 3868 rerum,
1100 3817 1171 3870 quas
1190 3800 1219 3854 in
1239 3800 1375 3872 cuiusque

223 3878 394 3951 patrimonio
413 3895 477 3934 esse
496 3889 647 3950 constaret,
669 3882 843 3936 ususfructus
862 3881 950 3952 legari
969 3883 1072 3953 possit'
1091 3883 1156 3954 Dig.
1177 3897 1200 3951 7.
1219 3896 1242 3953 5.
1264 3883 1298 3953 r),
1316 3885 1375 3939 and

224 3980 282 4018 was
302 3961 500 4032 extinguished
520 3964 587 4032 only
605 3964 644 4033 by
664 3965 749 4021 death
770 3965 828 4020 and
849 3965 951 4036 capitis
972 3965 1128 4022 deminutio
1150 3967 1183 4022 of
1199 3969 1248 4024 the
1270 3985 1374 4038 person

223 4046 350 4116 entitled‚
366 4046 431 4116 Dig.
444 4046 481 4101 ib.
495 4062 513 4116 9
525 4048 583 4102 and
599 4064 636 4104 10.

261 4127 316 4200 §tt
337 4131 399 4185 The
409 4129 507 4199 jurists
520 4147 597 4185 seem
611 4143 641 4185 to
653 4131 726 4186 have
743 4131 894 4203 disagreed
905 4149 937 4187 as
950 4142 981 4189 to
993 4133 1042 4188 the
1055 4133 1138 4188 effect
1150 4133 1185 4188 of
1198 4151 1234 4190 an
1254 4143 1374 4204 attempt

224 4223 253 4268 to
267 4213 337 4268 cede
350 4229 367 4267 a
380 4214 504 4268 usufruct
523 4223 553 4268 to
572 4231 589 4267 a
607 4213 682 4268 third
696 4231 797 4285 person
811 4235 816 4271 :
837 4215 925 4271 Gaius
942 4215 980 4285 (ii.
995 4215 1040 4285 30)
1054 4227 1143 4272 states
1157 4219 1205 4272 the
1218 4219 1271 4272 law
1284 4211 1375 4272 in'the

222 4314 303 4351 same
317 4313 378 4365 way
394 4313 426 4350 as
446 4298 493 4351 the
512 4306 579 4364 text,
596 4297 653 4352 and
672 4298 771 4368 fragm.
785 4301 849 4354 Vat.
863 4311 896 4368 75
911 4317 1011 4370 agrees
1025 4321 1032 4368 ;
1051 4302 1101 4356 but
1119 4301 1147 4355 in
1162 4300 1231 4370 Dig.
1244 4315 1287 4369 23.
1301 4315 1326 4369 3.
1338 4301 1376 4356 66

226 4379 399 4450 Pomponius
416 4379 509 4434 writes
532 4379 572 4434 ‘si
590 4391 724 4436 extraneo
744 4381 869 4452 cedatur,
891 4383 961 4438 nihil
980 4383 1018 4439 ad
1036 4401 1102 4439 eum
1120 4384 1248 4453 transire,
1266 4385 1317 4439 sed
1335 4385 1374 4439 ad

225 4463 371 4519 dominum
390 4462 571 4534 proprietatis
588 4481 764 4520 reversurum
790 4467 1011 4524 usumfructum!
1049 4469 1135 4539 Upon
1161 4468 1207 4526 ‘et
1228 4485 1265 4524 ne
1289 4483 1375 4525 areae
