3166 5022
251 321 314 386 194
452 309 600 366 INSTIT
604 309 658 365 UT
657 308 805 365 IONUM
821 309 941 367 LIBRI
960 308 1196 380 QUATTUOR.
1294 309 1399 376 [Linlt.

249 485 334 542 sunt
364 475 483 558 quodsi
508 495 584 538 casu
609 475 643 538 id
671 473 815 538 mixtum
842 471 939 538 fuerit
961 473 1015 537 vel
1041 473 1151 542 Titius
1174 473 1207 538 id
1231 472 1398 538 miscuerit

249 581 320 644 sine
342 579 513 644 voluntate
535 588 601 658 tua,
622 598 689 641 non
710 579 842 641 videtur
864 598 1039 642 commune
1062 599 1144 653 esse,
1167 578 1245 661 quia
1269 576 1398 660 singula

248 704 386 766 corpora
404 685 437 747 in
460 705 520 748 sua
539 683 724 746 substantia
739 682 860 746 durant
875 701 935 746 nec
951 683 1057 766 magis
1073 683 1144 747 istis
1159 682 1290 746 casibus
1306 701 1397 745 com-

248 808 350 854 mune
372 787 410 852 fit
432 787 643 865 frumentum,
659 806 760 868 quam
780 807 865 868 grex
884 786 1069 850 communis
1091 807 1164 850 esse
1186 785 1397 866 intellegitur,

247 894 275 955 si
291 913 410 974 pecora
432 891 513 956 Titii
534 891 599 956 tuis
618 890 790 972 pecoribus
813 891 921 954 mixta
937 889 1077 954 fuerint:
1101 889 1160 955 sed
1183 891 1210 956 si
1233 890 1276 952 ab
1299 889 1397 952 alter·

248 1006 324 1060 utro
338 1005 484 1060 vestrum
508 995 541 1060 id
563 1003 672 1059 totum
694 994 896 1058 frumentum
917 995 1104 1072 retineatur,
1120 995 1154 1056 in
1172 1013 1241 1056 rem
1262 992 1396 1074 quidem

247 1101 335 1163 actio
360 1119 420 1181 pro
444 1099 545 1162 modo
568 1097 723 1161 frumenti
745 1098 904 1180 cuiusque
926 1107 1106 1179 competat,
1130 1097 1264 1160 arbitrio
1284 1103 1395 1158 autem

248 1203 363 1265 iudicis
383 1203 578 1280 continetur,
603 1211 640 1265 ut
662 1202 690 1265 is
712 1203 877 1276 aestimet,
893 1201 992 1284 quale
1014 1202 1172 1282 cuiusque
1194 1199 1396 1262 frumentum

200 1305 352 1369 29fuerit.
409 1303 494 1368 Cum
532 1305 565 1368 in
603 1325 663 1370 suo
696 1303 767 1368 solo
804 1303 924 1387 aliquis
963 1304 1073 1369 aliena
1111 1304 1250 1366 materia
1282 1300 1396 1365 aedifi·

248 1411 379 1487 caverit,
406 1409 477 1490 ipse
501 1409 654 1473 dominus
681 1407 882 1490 intellegitur
905 1408 1053 1486 aedificii,
1080 1407 1158 1491 quia
1180 1426 1280 1470 omne
1305 1406 1396 1488 quod

247 1511 475 1576 inaedificatur
503 1512 575 1575 solo
605 1512 703 1578 cedit.
745 1531 806 1574 nec
836 1519 950 1576 tamen
981 1512 1056 1576 ideo
1086 1513 1123 1586 is,
1151 1509 1208 1593 qui
1238 1510 1396 1574 materiae

245 1617 401 1680 dominus
416 1615 531 1694 fuerat,
543 1616 664 1679 desinit
676 1617 746 1680 eius
759 1614 913 1680 dominus
929 1636 1021 1680 esse:
1044 1615 1103 1679 sed
1115 1615 1278 1696 tantisper
1288 1633 1396 1696 neque

244 1720 410 1784 vindicare
433 1739 507 1782 eam
530 1728 641 1801 potest
664 1739 772 1802 neque
796 1719 839 1782 ad
864 1718 1090 1783 exhibendum
1113 1720 1155 1784 de
1179 1739 1218 1782 ea
1239 1737 1273 1780 re
1296 1737 1396 1799 agere

244 1833 381 1907 propter
410 1823 519 1906 legem
550 1823 724 1887 duodecim
755 1815 954 1896 tabularum,
982 1844 1049 1906 qua
1078 1831 1220 1900 cavetur,
1250 1842 1291 1885 ne
1321 1821 1395 1902 quis

245 1928 375 2011 tignum
392 1927 535 1991 alienum
552 1927 690 1991 aedibus
712 1927 779 1991 suis
802 1927 986 1993 iniunctum
1003 1927 1149 1992 eximere
1172 1936 1318 2009 cogatur,
1335 1926 1395 1990 sed

245 2030 383 2113 duplum
404 2051 465 2113 pro
486 2053 526 2094 eo
546 2039 692 2114 praestet
710 2051 769 2113 per
787 2032 952 2096 actionem
975 2053 1061 2114 quae
1078 2039 1216 2095 vocatur
1237 2031 1280 2093 de
1302 2030 1396 2111 tigno

243 2135 357 2198 iuncto
369 2129 605 2219 (appellatione
620 2145 731 2199 autem
748 2136 830 2219 tigni
848 2137 955 2198 omnis
971 2136 1110 2199 materia
1122 2133 1333 2217 significatur,
1350 2153 1395 2196 ex

245 2259 312 2320 qua
327 2237 476 2304 aedificia
491 2233 608 2325 fiunt):
631 2241 721 2321 quod
743 2241 819 2304 ideo
839 2240 1006 2322 provisum
1030 2247 1090 2312 est,
1110 2258 1152 2301 ne
1173 2235 1324 2301 aedificia
1345 2256 1395 2299 re·

245 2343 348 2407 scindi
372 2362 506 2407 necesse
529 2343 581 2406 sit.
613 2345 671 2407 sed
693 2343 720 2408 si
741 2343 852 2426 aliqua
874 2365 918 2408 ex
941 2363 1041 2407 causa
1059 2344 1207 2408 dirutum
1222 2341 1265 2404 sit
1280 2339 1396 2404 aedifi·

244 2446 340 2522 cium,
366 2447 488 2528 poterit
515 2447 672 2510 materiae
702 2447 866 2526 dominus,
889 2448 916 2511 si
943 2467 1008 2510 non
1035 2445 1134 2510 fuerit
1162 2444 1301 2528 duplum
1328 2445 1395 2507 iam

196 2567 231 2622 30
244 2558 442 2632 persecutus,
458 2558 536 2613 tunc
553 2570 627 2614 eam
646 2551 812 2616 vindicare
827 2560 861 2615 et
875 2552 918 2615 ad
935 2550 1162 2614 exhibendum
1183 2569 1292 2633 agere.
1338 2547 1395 2612 Ex

242 2653 372 2716 diverso
388 2652 413 2716 si
432 2653 506 2734 quis
522 2653 555 2716 in
571 2651 678 2718 alieno
695 2654 765 2719 solo
781 2675 841 2719 sua
859 2657 997 2719 materia
1009 2655 1147 2718 domum
1163 2651 1394 2726 aedificaverit,

278 2855 356 2922 929.
377 2859 402 2911 lt
415 2857 508 2912 would
526 2871 605 2912 seem
621 2859 682 2935 that
695 2859 743 2913 the
756 2859 900 2915 materials
913 2877 988 2916 were
1006 2860 1035 2915 in
1054 2860 1111 2916 this
1129 2873 1196 2914 case
1212 2857 1322 2929 subject
1334 2867 1365 2912 to
1377 2873 1396 2912 a

241 2939 345 2994 double
358 2940 516 3011 ownershlp
529 2960 534 2995 :
554 2941 602 2996 the
615 2955 718 3010 person
731 2953 760 2996 to
773 2943 865 2997 whom
878 2945 947 3014 they
958 2944 1100 3014 belonged
1117 2943 1214 2998 before
1225 2941 1312 3012 being
1323 2940 1395 2995 used

240 3023 283 3076 for
293 3023 421 3093 building
434 3024 504 3078 ‘non
517 3023 621 3080 desinit
634 3023 765 3080 dominus
778 3025 838 3080 eius
851 3029 932 3096 esse,’
944 3027 1002 3082 and
1014 3037 1061 3097 yet
1073 3027 1122 3081 the
1131 3025 1242 3080 builder
1251 3024 1395 3079 ‘dominus

240 3105 405 3177 intelligitur
417 3107 546 3177 aedificii,
560 3107 626 3178 quia
638 3125 723 3162 omne
736 3109 812 3180 quod
828 3110 1023 3166 inaedificatur
1037 3111 1098 3164 solo
1117 3108 1210 3164 cedit'
1245 3108 1308 3162 The
1320 3107 1395 3161 solu·

240 3189 299 3242 tion
314 3191 346 3243 of
355 3191 403 3245 the
416 3190 552 3260 difficulty
564 3190 615 3246 lies
633 3191 755 3262 perhaps
769 3191 797 3246 in
811 3194 860 3248 the
876 3194 973 3248 notion
987 3194 1019 3247 of
1032 3191 1188 3248 dominium
1206 3191 1350 3245 donniens
1363 3207 1396 3244 or

240 3271 371 3327 dormant
393 3273 491 3343 rights,
511 3273 544 3328 of
559 3273 650 3328 which
669 3275 748 3330 there
768 3273 845 3330 isan
865 3276 1031 3331 illustration
1054 3276 1083 3330 in
1103 3275 1192 3331 Gaius
1205 3273 1241 3328 iv.
1254 3275 1296 3342 78,
1314 3291 1347 3327 or
1364 3273 1394 3328 in

239 3357 288 3411 the
305 3357 427 3426 analogy
445 3357 478 3411 ol
497 3357 721 3428 postliminium
739 3359 773 3413 cf.
789 3359 855 3428 Dig.
869 3359 895 3414 6.
911 3373 933 3413 1.
948 3373 981 3430 59
1000 3359 1098 3414 ‘simul
1116 3369 1202 3429 atque
1215 3397 1223 3411 .
1236 3397 1244 3412 .
1258 3397 1265 3412 .
1277 3357 1394 3427 dempta

239 3449 344 3508 essent,
364 3440 497 3494 continuo
516 3440 544 3494 in
563 3440 711 3510 pristinam
735 3459 851 3496 causam
870 3441 990 3497 reverti!
1024 3443 1087 3497 The
1105 3441 1180 3496 actio
1199 3441 1236 3496 de
1254 3440 1333 3510 tigno
1353 3440 1394 3494 in·

239 3521 336 3575 iuncto
354 3523 401 3590 lay
415 3523 482 3590 only
494 3523 586 3578 where
605 3525 654 3578 the
673 3525 816 3580 materials
836 3526 869 3580 of
883 3526 974 3580 which
993 3527 1042 3580 the
1063 3527 1152 3580 house
1169 3537 1228 3580 was
1246 3523 1317 3580 built
1336 3523 1394 3578 had

239 3604 312 3659 been
331 3606 441 3660 stolen:
461 3605 528 3659 ‘sed
546 3605 574 3659 in
593 3607 649 3662 hoc
667 3609 759 3662 solum
778 3609 823 3678 agi
843 3619 945 3680 potest,
959 3619 989 3665 ut
1007 3611 1069 3664 sola
1081 3608 1235 3664 vindicatio
1252 3609 1345 3664 soluta
1363 3625 1394 3664 re

239 3697 383 3756 competat
402 3687 519 3758 mulieri,
539 3705 596 3742 non
615 3689 644 3744 in
663 3691 779 3760 duplum
799 3694 914 3762 exlege
934 3693 1084 3747 duodecim
1104 3693 1281 3748 tabularum:
1300 3708 1394 3763 neque

238 3769 315 3824 enim
327 3770 460 3825 furtivum
473 3781 525 3840 est,
539 3773 615 3843 quod
632 3773 739 3828 sciente
753 3775 869 3830 domino
888 3775 1027 3830 inclusum
1040 3777 1098 3831 est'
1112 3777 1177 3846 Dig.
1192 3791 1235 3843 24.
1251 3791 1273 3831 1.
1286 3775 1330 3844 ⁶3.
1369 3775 1400 3832 lf

238 3853 287 3908 the
307 3853 450 3909 materials
470 3854 528 3910 had
549 3855 622 3910 been
642 3857 734 3911 stolen
755 3859 803 3913 the
823 3858 917 3914 action
936 3860 983 3928 lay
1002 3859 1113 3929 against
1132 3877 1150 3914 a
1166 3859 1244 3913 bona
1261 3859 1316 3914 fide
1328 3875 1394 3930 pos-

238 3953 334 3993 sessor
346 3937 378 3992 ol
386 3939 435 3994 the
447 3939 538 3994 house
550 3955 589 3993 no
606 3939 662 3994 less
675 3941 744 3995 than
764 3941 875 4011 against
889 3943 938 3997 the
954 3941 1027 3998 thiel
1035 3943 1064 3997 in
1083 3941 1247 4012 possession
1260 3941 1394 3997 himself:

237 4021 296 4092 but,
315 4039 348 4077 as
367 4021 391 4076 is
410 4023 504 4078 stated
526 4022 555 4077 in
571 4023 619 4077 the
638 4033 704 4092 text,
723 4024 772 4079 the
791 4025 895 4080 former
912 4043 969 4080 was
987 4037 1045 4094 not,
1059 4026 1115 4082 like
1134 4027 1182 4080 the
1201 4027 1292 4095 latter,
1309 4025 1394 4080 liable

238 4105 298 4160 also
320 4115 349 4161 to
372 4107 420 4162 the
442 4107 517 4162 actio
542 4107 580 4162 ad
601 4106 791 4162 exhibendum
814 4109 869 4176 (sor
889 4109 979 4163 which
1003 4125 1051 4164 see
1073 4127 1110 4164 on
1131 4109 1181 4164 Blc
1196 4108 1230 4163 iv.
1245 4109 1269 4164 6,
1284 4123 1315 4177 31
1331 4107 1393 4178 inl.)

237 4189 329 4244 which
346 4189 471 4246 entailed
485 4189 656 4261 separation,
671 4191 728 4245 and
747 4191 909 4247 vindicatio.
948 4193 977 4247 lf
991 4193 1059 4263 they
1071 4211 1143 4248 were
1162 4203 1212 4247 not
1230 4193 1330 4259 stolen,
1343 4193 1394 4247 the

237 4274 305 4340 only
319 4275 436 4345 remedy
455 4275 593 4331 avallable
611 4275 708 4330 before
726 4275 887 4346 separation
905 4293 962 4332 was
981 4293 1018 4331 au
1031 4276 1106 4332 actio
1123 4277 1151 4332 in
1169 4277 1276 4331 factum
1290 4273 1394 4346 Dig.6.

240 4369 263 4410 1.
277 4369 318 4424 23.
335 4369 358 4426 5.

274 4439 353 4508 §30.
381 4441 443 4496 The
467 4441 619 4512 principles
644 4441 702 4498 laid
727 4441 809 4499 down
832 4441 860 4498 in
882 4442 938 4498 this
963 4443 1072 4499 section
1093 4452 1198 4499 cannot
1219 4443 1256 4499 be
1277 4441 1394 4514 applied

783 4543 795 4580 t
