3176 5022
207 311 306 380 Tira]
369 311 430 366 DE
450 309 651 366 SENATUS
673 307 890 366 CONSULTO
916 309 1224 368 TERTULLIANO.
1291 314 1355 388 353

205 475 437 541 abstrahentes
459 476 557 540 certis
581 474 736 558 legitimis
758 475 884 540 dabant
906 476 1063 558 personis,
1087 477 1121 540 in
1146 476 1219 541 aliis
1244 485 1356 540 autern

206 580 408 644 contrarium
435 578 618 644 faciebant:
642 578 743 642 nobis
759 579 867 643 visum
891 589 941 644 est
964 587 1053 643 recta
1079 589 1113 644 et
1137 579 1278 663 simplici
1303 579 1358 642 via

206 691 347 746 matrem
376 683 531 748 omnibus
567 681 723 764 legitimis
758 683 906 764 personis
935 683 1094 766 anteponi
1123 692 1157 748 et
1190 684 1261 746 sine
1289 682 1358 746 ulla

206 787 435 850 deminutione
455 785 596 850 filiorum
620 805 754 872 suorum
775 787 1017 851 successionem
1040 787 1199 870 accipere,
1214 795 1357 869 excepta

205 890 314 955 fratris
340 899 375 954 et
404 889 524 955 sororis
554 909 703 974 persona,
731 890 799 953 sive
829 889 1062 973 consanguinei
1092 892 1158 954 sint
1187 891 1255 954 sive
1285 889 1357 952 sola

207 995 414 1076 cognationis
439 995 509 1058 iura
531 993 701 1070 habentes,
725 1003 762 1058 ut
786 996 1069 1076 quemadmodum
1093 1013 1167 1058 eam
1193 1003 1267 1058 toto
1290 993 1357 1058 alio

207 1099 314 1162 ordini
340 1097 490 1181 legitimo
512 1099 772 1181 praeposuimus,
803 1098 850 1162 ita
874 1119 992 1162 omnes
1019 1089 1135 1162 fratres
1161 1107 1194 1162 et
1220 1118 1356 1172 sorores,

205 1203 275 1266 sive
300 1201 440 1285 legitimi
470 1202 538 1269 sint
564 1204 632 1267 sive
658 1222 734 1276 non,
759 1201 803 1265 ad
830 1203 1007 1284 capiendas
1032 1202 1232 1266 hereditates
1258 1200 1357 1266 simul

204 1325 371 1382 vocemus,
388 1307 435 1370 ita
456 1314 570 1369 tamen
590 1314 636 1384 ut,
655 1307 682 1368 si
704 1305 840 1389 quidem
862 1305 951 1368 solae
974 1326 1101 1370 sorores
1123 1315 1286 1388 cognatae
1303 1305 1357 1368 vel

206 1409 373 1492 adgnatae
389 1419 424 1474 et
442 1419 548 1474 mater
563 1409 708 1474 defuncti
723 1409 777 1473 vel
798 1408 971 1474 defunctae
994 1409 1169 1492 supersint,
1184 1408 1357 1473 dimidiam

205 1515 340 1598 quidem
363 1524 478 1594 mater,
492 1513 631 1579 alteram
654 1534 732 1578 vero
753 1515 927 1578 dimidiam
948 1523 1078 1598 partem
1095 1535 1211 1579 omnes
1229 1535 1357 1579 sorores

205 1616 362 1696 habeant,
380 1619 407 1684 si
425 1639 503 1682 vero
527 1628 633 1682 matre
654 1620 832 1701 superstite
854 1629 888 1683 et
910 1619 1011 1684 fratre
1029 1619 1083 1683 vel
1104 1619 1258 1683 fratribus
1279 1618 1357 1684 solis

205 1721 258 1785 vel
281 1723 382 1786 etiam
406 1742 481 1787 cum
504 1723 670 1786 sororibus
693 1723 762 1785 sive
785 1721 934 1804 legitima
956 1723 1025 1787 sive
1054 1721 1125 1787 sola
1151 1723 1357 1805 cognationis

205 1827 274 1891 iura
290 1825 488 1891 habentibus
503 1827 679 1892 intestatus
694 1827 768 1910 quis
778 1827 831 1890 vel
846 1828 1004 1892 intestata
1019 1828 1185 1905 moriatur,
1198 1827 1231 1890 in
1247 1828 1357 1909 capita

205 1930 421 1994 distribuatur
432 1931 501 1995 eius
516 1931 693 1996 hereditas.
740 1930 809 1997 Sed
825 1931 1107 2014 quemadmodum
1121 1952 1181 1995 nos
1196 1931 1356 1995 matribus
1369 1939 1387 1996 6

205 2034 448 2118 prospeximus,
471 2037 518 2100 ita
540 2056 596 2099 eas
617 2043 750 2118 oportet
773 2055 852 2098 suae
876 2035 984 2098 suboli
1008 2034 1196 2098 consulere:
1227 2035 1356 2099 scituris

207 2139 264 2212 eis,
286 2139 384 2221 quod,
400 2139 428 2202 si
449 2148 575 2204 tutores
596 2139 706 2202 liberis
727 2159 792 2202 non
813 2139 968 2222 petierint
983 2138 1036 2202 vel
1059 2140 1092 2201 in
1112 2137 1222 2203 locum
1237 2138 1356 2202 remoti

204 2241 258 2304 vel
281 2242 430 2306 excusati
454 2243 540 2306 intra
566 2263 689 2306 annum
712 2249 826 2325 petere
849 2241 1063 2324 neglexerint,
1088 2241 1131 2304 ab
1156 2261 1268 2304 eorum
1295 2241 1357 2303 im·

205 2343 368 2427 puberum
395 2347 606 2410 morientium
624 2346 831 2409 successione
854 2346 972 2408 merito
995 2343 1204 2425 repellentur.
1259 2343 1386 2408 Licet?

205 2458 317 2513 autem
340 2449 440 2532 vulgo
464 2451 632 2534 quaesitus
658 2453 702 2515 sit
724 2449 810 2513 filius
833 2450 949 2526 filiave,
973 2459 1085 2532 potest
1109 2451 1152 2514 ad
1176 2448 1264 2512 bona
1286 2449 1356 2512 eius

208 2561 314 2617 mater
328 2574 374 2618 ex
388 2553 595 2619 Tertulliano
611 2562 746 2618 senatus
761 2553 914 2618 consulto
928 2553 1071 2618 admitti.

205 2798 280 2856 tions
293 2799 378 2856 made
390 2799 419 2855 in
432 2801 531 2856 favour
547 2801 580 2855 of
589 2800 695 2856 certain
713 2801 795 2857 other
806 2800 941 2857 relations
953 2800 1045 2856 which
1059 2819 1106 2858 are
1123 2801 1237 2857 noticed
1250 2818 1287 2856 on
1301 2803 1316 2868 ξ
1331 2815 1356 2870 3,

205 2885 262 2940 and
275 2883 418 2954 preferred
430 2885 479 2940 the
497 2885 609 2939 mother
626 2894 655 2939 to
669 2885 707 2940 all
720 2886 801 2940 other
817 2884 944 2954 legitimi,
957 2895 1057 2957 except
1075 2886 1137 2940 that
1153 2886 1283 2940 brothers
1298 2884 1356 2939 and

205 2965 303 3024 sisters
322 2968 426 3024 sbared
444 2968 493 3022 the
512 2966 687 3023 inheritance
699 2967 766 3022 with
785 2969 856 3034 her;
874 2967 898 3022 if
913 2969 992 3024 there
1005 2985 1077 3023 were
1091 2968 1221 3023 brothers
1237 2969 1311 3037 only,
1324 2983 1357 3021 or

204 3050 334 3106 brothers
354 3049 412 3105 and
437 3049 543 3118 sisters,
563 3050 584 3105 it
606 3067 664 3104 was
686 3049 802 3105 divided
824 3051 852 3104 in
874 3050 969 3120 capita
987 3051 1114 3105 between
1133 3051 1212 3105 them
1231 3050 1289 3104 and
1307 3051 1356 3105 the

204 3135 330 3200 mother;
349 3133 373 3188 if
382 3133 479 3189 sisters
498 3133 572 3202 only,
586 3134 654 3203 they
666 3134 795 3203 together
813 3134 871 3188 and
888 3135 936 3188 the
954 3134 1066 3188 mother
1082 3133 1151 3188 took
1169 3132 1197 3187 in
1217 3131 1355 3190 moieties.

204 3218 249 3286 By
262 3218 289 3270 N
292 3234 335 3273 ov.
347 3232 389 3272 22.
402 3229 436 3284 47
449 3215 590 3287 Justinian
603 3217 724 3271 enacted
736 3218 798 3271 that
810 3233 882 3272 even
894 3217 988 3274 where
1000 3217 1080 3271 there
1093 3233 1165 3272 were
1178 3215 1275 3272 sisters
1288 3217 1355 3286 only

183 3343 186 3351 .
204 3301 253 3356 the
266 3300 387 3355 division
400 3301 503 3355 should
515 3299 551 3355 be
565 3299 593 3354 in
607 3299 710 3370 capita.

240 3381 254 3454 §
268 3387 295 3438 6.
316 3383 386 3438 'l'his
398 3385 459 3440 rule
471 3383 630 3453 originated
643 3383 671 3437 in
684 3399 721 3438 an
734 3381 855 3454 epistola
868 3381 901 3437 of
910 3381 1065 3453 Septimius
1076 3382 1206 3451 Severus,
1216 3387 1313 3437 extant
1326 3379 1355 3434 in

204 3466 270 3537 Dig.
285 3467 326 3522 26.
340 3467 365 3523 6.
379 3481 404 3523 2.
418 3483 442 3523 2.

238 3553 297 3606 nu.
311 3553 367 3606 IV.
388 3549 489 3608 Under
501 3551 550 3607 the
562 3550 615 3606 law
628 3549 660 3604 of
668 3549 717 3604 the
730 3550 843 3605 Twelve
853 3548 958 3603 Tables
971 3549 1020 3604 the
1032 3547 1159 3604 children
1173 3547 1206 3603 of
1213 3563 1232 3602 a
1244 3562 1355 3600 woman

204 3635 267 3689 who
288 3633 355 3690 died
371 3633 504 3692 intestate
525 3633 583 3689 had
599 3649 637 3688 no
657 3632 741 3688 claim
762 3643 792 3688 to
811 3633 932 3688 succeed
950 3633 1001 3687 her
1019 3633 1179 3698 whatever;
1197 3632 1265 3700 they
1283 3647 1355 3685 were

203 3717 314 3773 neither
332 3717 375 3772 sui
394 3734 447 3772 nor
463 3719 516 3772 her
533 3727 651 3787 agnates
672 3717 778 3788 (unless
798 3715 902 3772 indeed
920 3715 972 3772 she
985 3733 1042 3772 was
1061 3715 1089 3770 in
1108 3731 1195 3770 mauu
1208 3713 1310 3783 mariti,
1324 3713 1354 3768 in

203 3801 295 3857 which
314 3818 380 3858 case
401 3802 452 3856 she
474 3801 558 3856 could
575 3801 655 3856 leave
673 3817 711 3872 no
729 3810 863 3872 property
881 3809 911 3855 to
933 3799 1058 3870 inhen't).
1093 3800 1155 3856 The
1173 3809 1287 3870 praetor
1305 3797 1356 3852 ad-

203 3884 305 3940 mitted
317 3886 395 3940 them
408 3893 437 3940 to
449 3883 589 3940 bonorum
606 3883 750 3954 possessio
763 3883 792 3938 in
809 3885 858 3939 the
871 3883 946 3939 third
965 3882 1140 3954 (practically
1152 3879 1270 3948 second)
1284 3881 1356 3934 rank

203 3968 278 4038 only,
298 3967 471 4039 postponing
489 3969 567 4023 them
586 3977 616 4022 to
634 3967 708 4022 their
725 3969 858 4022 mothers
877 3977 1004 4036 agnates‚
1018 3965 1107 4021 Gaius
1120 3965 1149 4019 ii.
1162 3979 1217 4033 3o;
1235 3964 1284 4018 the
1300 3963 1356 4017 SC.

203 4051 383 4120 Orfitianum,
395 4063 457 4106 ab.
474 4051 522 4118 178
536 4049 555 4120 (‘
562 4049 699 4105 Antonini
712 4060 740 4104 et
755 4049 905 4105 Commodi
919 4049 1061 4104 oratione’
1075 4047 1191 4119 Ulpian,
1201 4063 1259 4116 reg.
1272 4045 1314 4099 26.
1329 4057 1354 4114 7,

203 4135 239 4191 cf.
253 4133 430 4206 Capitolinus
444 4136 532 4189 Marc
549 4133 601 4204 11),
618 4151 689 4204 gave
708 4133 787 4188 them
800 4151 817 4188 a
830 4141 968 4200 statutory
980 4131 1040 4186 title
1058 4131 1087 4185 in
1100 4131 1263 4202 preference
1275 4137 1305 4182 to
1318 4128 1355 4181 all
1402 4123 1411 4142 ⁶

203 4229 322 4287 agnates
342 4217 470 4290 (Ulpian,
482 4218 536 4272 loc.
549 4216 616 4287 cit),
629 4215 788 4285 admitting,
801 4217 939 4284 however,
957 4216 1005 4269 the
1024 4214 1157 4268 woman's
1173 4221 1318 4282 patronus,
1336 4209 1360 4263 if

203 4301 255 4357 she
268 4317 341 4356 were
357 4300 467 4370 liberta,
480 4311 509 4357 to
522 4317 540 4358 a
553 4302 636 4357 share
653 4299 814 4371 equivalent
827 4307 857 4354 to
870 4297 931 4353 that
949 4297 1034 4353 taken
1052 4296 1089 4368 by
1102 4295 1173 4352 each
1190 4292 1275 4364 child,
1290 4291 1355 4364 Dig.

204 4385 246 4458 38.
264 4397 304 4456 17.
320 4399 342 4442 1.
356 4399 380 4458 9.

750 4519 811 4576 Aa
