3112 5016
177 292 227 342 τιι.
239 288 288 354 ιο.)
345 287 406 342 oe
427 289 502 344 rrrs
522 289 606 344 ren
628 289 737 362 Quos
757 291 902 348 neena
922 293 1155 352 possumus
1259 290 1321 371 567

727 511 771 575 X.

383 688 433 740 ns
457 687 518 740 u1s
542 687 611 738 ssu
634 687 731 752 Quos
754 689 880 741 noenu
904 690 1106 746 Possuuus.

217 834 314 900 Nunc
343 837 545 902 admonendi
571 859 683 902 sumus
709 859 809 922 agere
835 861 932 923 posse
955 842 1138 924 quemlibet
1172 851 1230 908 aut
1261 855 1322 908 suo

173 939 306 1003 nomine
329 951 388 1004 aut
414 941 532 1006 alieno.
570 942 677 1006 alieno
703 943 805 1007 veluti
835 945 1058 1026 procuratorio
1082 947 1205 1011 tutorio
1228 968 1323 1012 cura·

172 1042 267 1117 tori0‚
284 1063 359 1106 cum
374 1043 453 1108 olim
469 1045 503 1109 in
518 1066 578 1110 usu
594 1045 708 1110 luisset
723 1045 857 1111 alterius
872 1049 1006 1112 nomine
1025 1070 1123 1133 agere
1139 1071 1204 1114 non
1221 1071 1320 1134 posse

171 1144 232 1207 nisi
264 1167 323 1228 pro
348 1148 480 1230 populo,
506 1169 566 1231 pro
595 1149 756 1229 libertate,
782 1171 842 1233 pro
872 1152 987 1216 tutela.
1043 1163 1214 1235 praeterea
1244 1154 1319 1238 lege

173 1249 317 1313 Hostilia
340 1253 535 1334 permissum
558 1263 609 1317 est
631 1252 708 1318 furti
730 1273 828 1336 agere
849 1275 961 1319 eorum
985 1258 1128 1333 nomine,
1149 1259 1207 1339 qui
1229 1260 1318 1342 apud

170 1351 283 1419 hostes
299 1365 409 1420 essent
429 1366 486 1420 aut
502 1359 548 1421 rei
569 1357 720 1440 publicae
739 1377 837 1422 causa
858 1360 1012 1424 abessent
1030 1361 1128 1444 quive
1150 1362 1183 1424 in
1204 1382 1318 1426 eorum

171 1458 262 1522 cuius
288 1459 393 1524 tutela
417 1469 536 1525 essent.
575 1471 610 1526 et
631 1463 709 1544 quia
731 1461 795 1527 hoc
818 1483 883 1527 non
907 1464 1078 1536 minimam
1103 1465 1320 1529 incommodi-

169 1571 273 1627 tatem
290 1563 443 1640 habebat,
460 1567 548 1648 quod
572 1566 680 1630 alieno
703 1567 836 1630 nomine
856 1587 964 1650 neque
986 1588 1084 1650 agere
1105 1589 1212 1652 neque
1227 1571 1318 1634 exci-

169 1687 247 1748 pere
275 1669 439 1732 actionem
469 1667 600 1746 licebat,
625 1679 804 1753 coeperunt
829 1669 981 1735 homines
1008 1691 1068 1754 per
1093 1682 1319 1754 procuratores

169 1932 220 1985 per
229 1915 299 1985 legis
307 1915 437 1986 Aquiliae
447 1915 588 1971 actionem
601 1915 764 1970 iniuriarum
777 1916 914 1984 consumi,
927 1916 1062 1988 quoniam
1075 1919 1158 1974 desiit
1170 1920 1276 1974 bonum
1290 1933 1318 1976 et

167 2015 288 2068 aequum
307 2016 370 2054 esse
389 1999 572 2055 condemnari
585 2017 659 2068 eum,
675 1998 722 2070 qui
736 1999 962 2055 aestimationem
981 2001 1129 2072 praestitit,
1142 2003 1195 2058 sed
1212 2003 1236 2057 si
1250 2015 1316 2059 ante

167 2081 329 2136 iniuriarum
342 2094 437 2137 actum
447 2093 531 2152 esset,
541 2083 629 2138 teneri
643 2099 708 2138 eum
719 2100 753 2137 ex
763 2083 825 2150 lege
835 2081 957 2153 Aquilia.
983 2084 1042 2139 Sed
1054 2095 1082 2140 et
1094 2086 1165 2140 haec
1175 2087 1317 2142 sententia

168 2181 218 2234 per
235 2175 394 2236 praetorem
411 2165 567 2220 inhibenda
582 2176 635 2234 est,
654 2164 708 2220 nisi
727 2165 756 2220 in
779 2165 816 2234 id,
833 2165 911 2236 quod
932 2167 1053 2236 amplius
1072 2169 1185 2238 exlege
1204 2169 1318 2241 Aquilia

166 2249 310 2320 competit,
329 2261 448 2319 agatur:
470 2249 665 2305 rationabilius
687 2249 782 2320 itaque
803 2259 855 2318 est,
874 2267 939 2304 eam
960 2250 1072 2306 admitti
1090 2252 1269 2322 sententiam,
1287 2265 1316 2308 ut

165 2331 247 2388 liceat
261 2332 286 2388 ei
300 2350 385 2404 quam
398 2333 516 2389 voluerit
535 2333 677 2388 actionem
695 2333 773 2403 prius
791 2349 930 2402 exercere,
946 2335 1022 2404 quod
1041 2344 1136 2390 autem
1151 2335 1272 2405 amplius
1288 2336 1316 2390 in

163 2416 251 2472 altera
279 2429 331 2485 est,
354 2417 440 2472 etiam
462 2418 517 2472 hoc
540 2416 671 2488 exsequi’
695 2415 761 2486 Dig.
781 2431 824 2482 44.
844 2429 867 2482 7.
889 2431 929 2484 34
951 2433 1002 2487 pn,
1022 2417 1061 2472 ‘si
1084 2417 1179 2473 furtim
1200 2419 1315 2473 arbores

165 2517 266 2554 caesae
284 2499 349 2569 sint,
368 2511 395 2556 et
416 2518 450 2556 ex
469 2501 531 2571 lege
550 2499 664 2571 Aquilia
682 2509 710 2554 et
728 2517 763 2554 ex
781 2499 932 2554 duodecim
950 2501 1110 2556 tabularum
1128 2501 1252 2556 dandam
1270 2519 1316 2556 ac·

164 2583 270 2638 tionem
291 2584 386 2638 Labeo
404 2583 453 2640 ait.
493 2585 551 2640 Sed
570 2583 728 2652 Trebatius,
749 2582 788 2638 ita
807 2594 956 2654 utramque
978 2584 1111 2654 dandam,
1130 2595 1160 2640 ut
1183 2584 1266 2639 iudex
1285 2585 1314 2640 in

166 2666 320 2736 posteriore
330 2667 453 2722 deducat
464 2667 500 2736 id,
511 2667 587 2739 quod
595 2685 630 2723 ex
639 2667 730 2738 prima
739 2679 908 2722 consecutus
922 2667 966 2736 sit,
976 2677 1004 2723 et
1017 2667 1124 2738 reliquo
1135 2667 1316 2723 condemnet’

166 2750 230 2819 Dig.
241 2763 283 2816 47.
298 2763 321 2817 7.
340 2769 361 2820 r,
381 2751 445 2822 ‘qui
463 2769 522 2806 rem
540 2751 640 2822 rapuit,
653 2761 681 2806 et
699 2750 764 2804 furti
784 2767 837 2822 nec
856 2750 997 2806 manifesti
1015 2761 1126 2808 tenetur
1142 2749 1171 2805 in
1188 2750 1315 2820 duplum,

163 2843 191 2888 et
210 2833 237 2886 vi
256 2845 400 2903 raptorum
418 2834 447 2888 in
466 2835 672 2904 quadruplum:
691 2834 743 2888 sed
762 2834 785 2888 si
805 2843 871 2889 ante
888 2844 984 2888 actum
1001 2833 1037 2888 sit
1053 2833 1079 2888 vi
1099 2833 1238 2888 bonorum
1251 2849 1314 2903 rap-

164 2926 266 2984 torum,
276 2917 445 2986 deneganda
458 2927 500 2972 est
513 2917 587 2986 furti,
596 2917 620 2972 si
634 2927 700 2972 ante
712 2916 777 2972 furti
791 2928 885 2972 actum
899 2917 943 2985 sit,
954 2934 1011 2970 non
1024 2928 1066 2971 est
1080 2916 1128 2972 illa
1137 2916 1314 2987 deneganda,

163 3009 192 3052 ut
210 3010 306 3053 tamen
325 2999 363 3068 id,
376 2999 452 3069 quod
469 2999 590 3068 amplius
609 2999 637 3053 in
655 3017 690 3055 ea
708 2999 753 3068 sit,
772 3002 975 3070 consequatur'
989 2999 1055 3069 Dig.
1068 3013 1110 3067 47.
1125 3016 1148 3054 2.
1164 3001 1205 3055 88.
1244 3000 1315 3056 This

164 3082 327 3136 conclusion
346 3099 439 3137 seems
457 3093 486 3137 at
506 3083 565 3137 first
584 3082 659 3151 sight
678 3093 708 3138 to
726 3083 762 3138 be
781 3082 976 3138 contradicted
994 3083 1063 3152 bya
1082 3083 1189 3138 dictum
1202 3083 1234 3137 oi
1251 3084 1314 3136 Mo-

162 3165 299 3234 destinuS,
318 3165 414 3235 ‘plura
435 3165 539 3220 delicta
559 3165 588 3219 in
609 3182 665 3220 una
687 3182 717 3220 re
737 3167 830 3236 plures
853 3164 1005 3220 admittunt
1027 3165 1163 3232 actiones,
1183 3167 1235 3220 sed
1257 3183 1313 3220 non

163 3265 248 3318 posse
268 3249 398 3304 omnibus
418 3248 459 3304 uti
483 3249 633 3318 probatum
654 3258 716 3304 est:
741 3265 809 3304 nam
834 3248 857 3304 si
883 3265 917 3303 ex
938 3265 996 3302 una
1019 3248 1192 3317 obligatione
1219 3251 1313 3318 plures

163 3332 289 3388 actiones
308 3343 470 3401 nascuntur,
488 3349 545 3387 una
563 3331 769 3401 tantummodo,
788 3348 845 3386 non
864 3329 996 3384 omnibus
1016 3331 1151 3386 utendum
1170 3333 1228 3386 est'
1245 3331 1313 3401 Dig.

163 3431 207 3484 44.
221 3430 245 3483 7.
261 3429 300 3486 53.
315 3433 375 3488 pr.;
393 3417 443 3471 but
462 3415 519 3470 this
537 3433 604 3485 may
620 3416 657 3471 be
675 3415 761 3470 taken
780 3425 810 3470 to
828 3431 913 3468 mean
931 3416 992 3469 that
1008 3415 1057 3469 the
1075 3415 1184 3469 several
1202 3414 1312 3470 actions

163 3509 266 3555 cannot
278 3501 316 3554 all
329 3501 365 3554 be
378 3499 499 3569 brought
513 3498 578 3554 with
592 3499 640 3553 lull
653 3497 755 3564 effect3
774 3498 832 3552 and
846 3498 895 3552 the
908 3497 1083 3566 proposition
1097 3496 1189 3552 would
1201 3498 1238 3552 be
1251 3507 1312 3553 true

162 3581 318 3653 invariably
330 3583 354 3640 if
363 3585 411 3639 the
423 3583 532 3654 injured
546 3599 658 3654 person,
672 3583 764 3637 where
777 3581 812 3636 he
826 3581 884 3636 had
899 3597 936 3635 an
949 3580 1123 3650 alternative,
1136 3599 1193 3636 was
1206 3581 1311 3636 caresul

162 3667 274 3735 enough
293 3678 322 3723 to
341 3669 428 3724 select
450 3667 498 3723 the
516 3667 633 3737 remedy
651 3667 689 3736 by
708 3665 798 3721 which
816 3666 853 3721 he
874 3664 957 3720 could
979 3681 1095 3721 recover
1116 3666 1164 3720 the
1183 3664 1311 3721 beaviest

161 3753 284 3820 penalty.

195 3835 255 3888 att
266 3837 305 3888 X
327 3834 368 3888 Of
382 3836 431 3889 the
449 3833 612 3905 exceptione
630 3845 659 3888 to
679 3834 727 3888 the
746 3832 793 3887 old
813 3833 873 3888 rule
890 3848 975 3888 nemo
992 3831 1085 3886 alieno
1098 3831 1212 3888 nomine
1225 3849 1310 3902 agere

161 3925 254 3984 potest
273 3915 350 3985 (Dig.
367 3929 407 3986 sn
425 3931 463 3982 17.
481 3916 541 3986 123)
562 3916 629 3986 ‘pro
647 3916 768 3986 populo’
786 3915 873 3970 refers
891 3924 921 3969 to
939 3915 988 3969 the
1006 3914 1133 3970 actiones
1151 3915 1309 3986 populares,

161 3999 219 4052 and
239 3999 305 4070 ‘pro
327 3998 470 4054 libertate'
489 3998 617 4054 includes
639 3996 844 4052 manumission
865 4014 915 4066 per
934 3996 1098 4064 vindictam,
1116 4015 1144 4067 p.
1165 4011 1213 4064 107
1234 4015 1308 4067 supr.

163 4081 292 4152 Nothing
307 4082 414 4138 further
431 4081 455 4135 is
471 4083 574 4136 known
591 4081 624 4136 ol
639 4083 686 4136 the
705 4082 749 4135 lex
768 4080 900 4136 Hostilia.
937 4082 1025 4136 What
1042 4080 1066 4136 is
1079 4089 1174 4135 meant
1191 4081 1228 4150 by
1242 4081 1308 4151 ‘pro

160 4167 263 4221 tutela'
282 4165 310 4220 in
331 4167 379 4220 the
397 4175 455 4220 text
475 4163 500 4220 is
515 4165 600 4219 much
617 4163 769 4234 disputed;
788 4162 971 4234 Theophilus’
987 4162 1167 4233 explanation
1184 4163 1217 4217 oi
1231 4163 1252 4218 it
1271 4164 1309 4232 by

160 4249 317 4320 supposing
337 4266 356 4303 a
377 4247 432 4304 suit
456 4248 583 4304 between
604 4259 659 4303 two
683 4264 716 4301 or
739 4263 818 4302 more
842 4264 959 4318 persons
984 4247 1118 4316 claiming
1137 4263 1156 4301 a
1178 4247 1265 4300 tutela
1284 4247 1307 4300 is

159 4333 303 4402 generally
323 4331 456 4402 rejected,
475 4331 533 4386 and
554 4332 677 4402 perhaps
699 4330 720 4385 it
742 4347 808 4398 may
829 4331 865 4386 be
887 4331 961 4401 right
986 4341 1016 4386 to
1038 4329 1211 4386 understand
1233 4327 1253 4384 it
1279 4330 1311 4383 os

158 4417 270 4473 actions
283 4417 404 4488 brought
420 4417 564 4488 generally
576 4416 675 4486 hythe
687 4425 763 4471 tutor
775 4415 803 4470 in
815 4415 934 4472 relation
947 4425 976 4472 to
993 4416 1041 4474 the
1055 4413 1152 4470 ward's
1165 4423 1307 4484 property.
