3148 5024
189 317 305 388 Titan]
394 315 455 374 DE
476 315 718 372 LOCATIONE
738 316 798 372 ET
820 315 1127 376 CONDUCTIONE.
1270 322 1335 396 425

190 500 257 546 non
280 479 411 564 proprie
431 478 551 546 locatio
567 488 601 546 et
623 481 799 548 conductio
813 480 961 548 contrahi
984 481 1191 566 intellegitur,
1214 483 1272 548 sed
1295 504 1336 548 eo

191 586 324 652 nomine
339 585 548 668 praescriptis
562 585 672 650 verbis
691 587 778 654 actio
793 586 899 652 datur.
945 587 1118 654 Praeterea
1135 587 1219 653 sicut
1236 587 1366 670 vulg02

191 689 418 773 quaerebatur,
443 707 486 752 an
516 689 712 771 permutatis
741 690 838 756 rebus
867 691 993 774 emptio
1019 699 1054 758 et
1081 691 1231 756 venditio
1260 710 1337 755 con·

190 793 349 858 trahitur:
380 793 427 862 ita
449 793 562 875 quaeri
587 793 716 858 solebat
740 794 783 858 de
809 795 973 861 locatione
996 804 1030 860 et
1056 795 1283 873 conductione,
1308 794 1336 858 si

191 897 276 964 sorte
299 917 368 962 rem
390 897 535 979 aliquam
559 897 621 962 tibi
645 899 803 964 utendam
826 901 895 965 sive
918 898 1090 964 fruendam
1113 899 1187 984 quis
1207 899 1337 964 dederit

191 1010 224 1072 et
245 1002 385 1066 invicem
408 1021 428 1066 a
449 1010 483 1064 te
502 1001 604 1066 aliam
622 1003 781 1069 utendam
798 1005 868 1068 sive
889 1004 1061 1072 fruendam
1084 1003 1258 1085 acceperit.
1303 1012 1337 1067 et

190 1105 314 1188 placuit
336 1125 402 1170 non
423 1125 494 1170 esse
520 1104 719 1172 locationem
743 1117 777 1176 et
801 1109 1063 1188 conductionem,
1084 1107 1143 1172 sed
1168 1107 1337 1191 proprium

190 1229 296 1292 genus
325 1229 397 1274 esse
426 1218 621 1276 contractus
665 1211 768 1278 veluti
802 1213 840 1290 si,
871 1234 946 1278 curn
977 1233 1078 1278 unum
1108 1213 1182 1296 quis
1216 1211 1337 1276 bovem

190 1313 327 1378 haberet
348 1321 381 1378 et
401 1313 525 1378 vicinus
540 1315 609 1378 eius
626 1335 736 1394 unum,
752 1315 911 1398 placuerit
926 1319 1010 1382 inter
1025 1337 1093 1394 eos,
1108 1325 1145 1382 ut
1161 1337 1219 1400 per
1234 1317 1337 1380 denos

190 1417 262 1484 dies
284 1417 423 1482 invicem
447 1417 548 1482 boves
570 1420 828 1499 commodarent,
851 1431 888 1485 ut
910 1442 997 1505 opus
1016 1421 1169 1500 iacerent
1192 1429 1226 1484 et
1247 1419 1337 1502 apud

190 1520 330 1592 alterum
354 1521 415 1586 bos
444 1521 559 1604 periit:
591 1542 698 1606 neque
727 1523 828 1590 loeeti
848 1524 901 1590 vel
927 1525 1080 1591 conducti
1111 1545 1218 1608 neque
1247 1545 1337 1588 com·

191 1626 318 1692 modati
333 1626 492 1708 competit
507 1627 605 1701 actio,
620 1628 698 1710 quia
713 1647 779 1693 non
799 1629 861 1694 suit
878 1630 1058 1713 gratuitum
1079 1629 1337 1707 commodatum,

189 1749 303 1796 verum
336 1729 546 1812 praescriptis
582 1730 690 1796 verbis
722 1733 888 1815 agendum
916 1742 975 1798 est.
1028 1731 1127 1798 Adeo
1153 1741 1265 1796 autem
1288 1731 1367 1795 ia-3

191 1833 414 1897 miliaritatem
449 1833 593 1916 aliquam
623 1835 708 1899 inter
736 1857 772 1900 se
805 1836 928 1902 habere
959 1837 1114 1902 videntur
1142 1837 1268 1919 emptio
1303 1846 1337 1900 et

189 1937 345 2016 venditio,
371 1936 451 2002 item
476 1936 596 2002 locatio
620 1947 654 2004 et
678 1940 862 2019 conductio,
884 1951 922 2006 ut
951 1941 984 2006 in
1008 1940 1206 2024 quibusdam
1231 1940 1337 2003 causis

189 2042 302 2123 quaeri
317 2040 429 2116 soleat,
446 2049 556 2104 utrum
571 2043 697 2124 emptio
712 2053 746 2108 et
760 2046 906 2110 venditio
922 2045 1141 2120 contrahatur,
1157 2064 1202 2108 an
1216 2043 1337 2107 locatio

190 2153 225 2209 et
240 2145 425 2210 conductio.
469 2153 507 2210 ut
527 2166 603 2210 ecce
624 2147 667 2210 de
686 2149 838 2229 praediis,
855 2171 941 2233 quae
962 2159 1120 2233 perpetuo
1138 2147 1336 2232 quibusdam

190 2248 327 2314 fruenda
349 2251 532 2329 traduntur,
550 2251 584 2316 id
605 2260 654 2316 est
674 2260 718 2332 ut,
733 2255 891 2336 quamdiu
913 2253 1027 2337 pensio
1048 2254 1116 2318 sive
1133 2251 1260 2316 ¹reditus
1277 2271 1337 2333 pro

190 2352 242 2422 his
269 2354 404 2420 domino
430 2363 625 2436 praestetur,
653 2375 760 2437 neque
785 2357 846 2438 ipsi
871 2357 1063 2424 conductori
1090 2375 1198 2437 neque
1223 2353 1336 2418 heredi

190 2457 269 2536 eine,
285 2457 377 2521 cuive
392 2458 573 2522 conductor
594 2457 730 2522 heresve
750 2459 820 2523 eius
840 2461 873 2524 id
895 2461 1066 2544 praedium
1081 2457 1265 2523 vendiderit
1279 2465 1337 2522 aut

191 2561 363 2626 donaverit
374 2570 432 2626 aut
444 2561 532 2624 dotis
543 2562 675 2625 nomine
687 2562 815 2630 dederit
827 2563 933 2629 aliove
945 2585 1011 2648 quo
1024 2563 1125 2628 modo
1136 2561 1335 2638 alienaverit,

189 2663 315 2730 auferre
338 2663 445 2730 liceat.
489 2665 548 2730 sed
571 2663 647 2730 talis
670 2678 866 2745 contractus,
891 2669 969 2754 quia
991 2669 1076 2736 inter
1093 2677 1220 2732 veteres
1241 2666 1336 2730 dubi·

190 2767 325 2834 tabatnr
354 2777 387 2832 et
416 2789 437 2832 a
463 2769 661 2851 quibusdem
682 2769 810 2848 locatio,
835 2773 1074 2856 aquibusdam
1102 2771 1249 2836 venditio
1275 2791 1336 2834 ex-

190 2872 417 2937 istimabatur:
448 2873 506 2936 lex
542 2874 731 2938 Zenoniana
760 2874 830 2940 lata
864 2886 926 2954 est,
960 2897 1046 2960 quae
1080 2874 1336 2958 emphyteuseos

190 2977 373 3042 contractui
403 2978 570 3060 propriam
600 2979 716 3043 statuit
746 2988 898 3044 naturam
927 3001 1035 3064 neque
1063 2981 1107 3046 ad
1137 2979 1336 3044 locationem

190 3101 299 3166 neque
337 3083 380 3148 ad
417 3083 642 3150 venditionem
678 3083 900 3166 inclinantem,
935 3085 994 3150 sed
1029 3087 1096 3150 suis
1131 3083 1337 3166 pactionibus

189 3185 399 3266 fulciendam,
430 3197 464 3252 et
500 3187 528 3253 si
564 3187 698 3270 quidem
733 3188 859 3270 aliquid
896 3198 1031 3272 pactum
1061 3187 1167 3266 fuerit,
1197 3187 1261 3252 hoc
1290 3186 1338 3250 ita

190 3290 348 3373 optinere,
368 3311 407 3355 ac
427 3291 454 3354 si
476 3291 634 3356 naturalis
657 3301 744 3356 esset
767 3302 963 3372 contractus,
984 3293 1034 3357 sin
1056 3301 1168 3356 autem
1192 3290 1272 3355 nihil
1295 3291 1337 3354 de

191 3395 336 3478 periculo
358 3395 403 3459 rei
424 3394 520 3462 suerit
537 3405 681 3482 pactum,
697 3405 776 3461 tunc
794 3397 821 3460 si
842 3397 978 3480 quidem
996 3397 1099 3461 totius
1120 3396 1165 3462 rei
1186 3395 1338 3460 interitus

190 3499 372 3578 accesserit,
395 3500 439 3564 ad
461 3499 632 3564 dominum
655 3521 753 3585 super
777 3500 840 3566 hoc
864 3502 1049 3567 redundare
1072 3499 1264 3585 periculum,
1288 3500 1338 3564 sin

190 3603 403 3686 particularis,
420 3604 463 3668 ad
485 3603 817 3688 emphyteuticarium
837 3605 1026 3672 huiusmodi
1045 3606 1203 3670 damnum
1218 3603 1338 3668 venire.

191 3854 345 3926 nominate,
355 3873 383 3926 p.
394 3849 445 3925 386
455 3875 528 3928 supr.
551 3857 580 3912 li
588 3858 660 3914 aster
671 3857 777 3929 having
789 3858 838 3916 leit
850 3859 900 3916 the
912 3860 1121 3916 remuneration
1133 3869 1164 3916 to
1173 3860 1209 3915 be
1220 3860 1347 3931 fixedby.

191 3939 365 4010 subsequent
380 3951 577 4011 arrangement
596 3942 723 3998 between
736 3943 907 3998 themselves
920 3943 968 3998 the
985 3943 1090 4014 parties
1103 3961 1175 3998 were
1194 3944 1297 3998 unable
1309 3953 1339 3998 to

191 4039 274 4082 come
295 4033 325 4078 to
343 4033 439 4093 terms,
457 4024 506 4082 the
524 4025 593 4084 fullo
614 4041 646 4082 or
667 4025 823 4082 sarcinator
844 4025 928 4082 could
948 4026 1031 4097 bring
1050 4044 1088 4082 an
1107 4026 1183 4082 actio
1202 4026 1339 4096 mandati,

192 4105 251 4164 Tit.
265 4105 307 4162 26.
324 4121 355 4174 13
369 4106 415 4170 inf.

227 4191 242 4258 ὁ
256 4193 284 4248 2
305 4191 360 4247 See
373 4189 429 4246 Tit.
444 4205 487 4260 ²3·
500 4205 515 4248 a
528 4191 586 4248 and
598 4199 689 4260 notes,
702 4209 778 4264 supr.

227 4275 284 4344 §a
304 4276 362 4330 For
373 4275 422 4332 the
434 4274 542 4346 history
554 4275 612 4332 arrd
630 4285 729 4332 nature
747 4275 781 4330 os
794 4273 987 4344 emphyteusis
1001 4291 1048 4330 see
1064 4291 1090 4345 p.
1100 4287 1151 4343 313
1165 4290 1240 4344 supr.
1276 4274 1339 4330 'ibe

191 4369 368 4418 enactments
387 4359 420 4414 oi
433 4360 509 4416 Zeno
527 4359 585 4416 and
602 4357 744 4430 Justinian
764 4357 813 4414 did
831 4367 881 4412 not
899 4356 941 4425 (as
962 4361 1017 4412 Mr.
1032 4359 1124 4427 Poste,
1142 4374 1179 4412 on
1198 4355 1286 4412 Gaius
1300 4355 1337 4413 iii.

195 4458 226 4512 14
229 4455 252 4515 5,
265 4443 423 4517 supposes),
436 4443 547 4516 require
556 4461 575 4502 a
583 4443 693 4502 written
702 4443 779 4500 lease
788 4441 831 4496 ior
840 4441 888 4498 tbe
898 4441 1061 4498 conclusion
1071 4442 1104 4498 oi
1111 4441 1160 4499 tbe
1170 4450 1296 4496 contract
1309 4439 1338 4495 in
