3078 5020
565 309 627 364 DE
645 309 898 366 LIBERTINIS.

703 513 762 580 IV.

599 691 649 740 ns
673 691 866 744 manuum.

191 837 362 922 Ingenuus
387 838 415 901 is
439 847 501 914 est,
517 839 574 922 qui
596 841 709 904 statim
733 850 769 905 ut
793 849 891 904 natus
914 850 965 905 est
987 839 1070 904 liber
1092 846 1152 914 est,
1172 838 1240 903 sive
1262 859 1306 902 ex

148 943 278 1007 duobus
294 944 449 1026 ingenuis
473 946 683 1008 matrimonio
706 946 825 1024 editus,
840 945 908 1008 sive
931 965 976 1008 ex
994 943 1162 1022 libertinis,
1178 944 1247 1006 sive
1263 964 1306 1007 ex

147 1045 253 1110 altero
268 1047 427 1112 libertino
442 1049 548 1112 altero
568 1049 721 1130 ingenuo.
764 1050 822 1113 sed
840 1059 873 1114 et
889 1050 915 1112 si
931 1049 1005 1131 quis
1021 1069 1064 1112 ex
1081 1057 1187 1111 matre
1203 1047 1307 1110 libera

148 1159 313 1226 nascatur,
332 1162 431 1234 patre
451 1173 556 1228 servo,
573 1153 732 1238 ingenuus
753 1152 855 1216 nihilo
879 1155 987 1216 minus
1006 1153 1167 1216 nascitur:
1191 1171 1306 1234 quem·

148 1254 334 1318 admodum
363 1257 420 1337 qui
451 1277 495 1319 ex
526 1266 631 1320 matre
660 1257 763 1320 libera
791 1267 824 1320 et
851 1256 975 1320 incerto
1005 1266 1099 1338 patre
1128 1263 1306 1328 natusest,

147 1361 307 1439 quoniam
332 1360 434 1443 vulgo
459 1370 637 1444 conceptus
661 1371 720 1424 est.
764 1361 884 1426 sufficit
907 1369 1019 1425 autem
1045 1359 1183 1422 liberam
1209 1359 1308 1422 luisse

149 1472 292 1526 matrem
311 1483 352 1526 eo
368 1473 519 1546 tempore
541 1485 607 1546 quo
628 1465 780 1540 nascitur,
797 1464 873 1529 licet
892 1463 1011 1528 ancilla
1030 1465 1226 1546 conceperit.
1273 1473 1306 1527 et

149 1587 194 1629 ex
216 1567 386 1630 contrario
410 1569 437 1631 si
461 1567 564 1632 libera
589 1571 783 1656 conceperit,
800 1569 922 1633 deinde
944 1567 1063 1633 ancilla
1085 1567 1172 1632 sacta
1192 1568 1307 1651 pariat,

149 1671 274 1754 placuit
299 1691 377 1734 eum
399 1673 455 1754 qui
479 1674 622 1736 nascitur
644 1673 783 1738 liberum
806 1675 904 1749 nasci,
922 1674 999 1756 quia
1017 1691 1083 1736 non
1104 1673 1205 1736 debet
1220 1671 1307 1736 cala·

149 1777 249 1838 mitas
282 1776 399 1839 matris
429 1777 458 1840 ei
488 1797 614 1855 nocere,
643 1780 699 1860 qui
729 1779 762 1840 in
792 1788 887 1842 utero
916 1786 975 1841 est.
1020 1799 1064 1841 ex
1090 1776 1141 1840 his
1168 1785 1201 1840 et
1225 1775 1306 1839 illud

149 1881 339 1960 quaesitum
368 1889 428 1956 est,
454 1882 481 1944 si
511 1880 630 1944 ancilla
662 1903 847 1965 praegnans
877 1881 1077 1945 manumissa
1107 1883 1158 1959 sit,
1185 1880 1306 1944 deinde

149 1982 269 2045 ancilla
297 1993 416 2065 postea
441 1983 528 2048 lacta
560 1987 696 2068 peperit,
723 1985 859 2050 liberum
887 2007 929 2049 an
957 2006 1084 2048 servum
1112 1982 1238 2068 pariat?
1272 1994 1306 2049 et

152 2085 332 2150 Marcellus
347 2087 467 2169 probat
485 2088 624 2152 liberum
645 2091 754 2154 nasci:
778 2090 896 2154 sufficit
916 2090 1003 2154 enim
1026 2089 1055 2152 ei
1072 2089 1127 2170 qui
1144 2089 1176 2151 in
1192 2097 1306 2152 ventre

150 2201 203 2254 cst
228 2189 369 2254 liberam
394 2201 535 2256 matrem
561 2192 613 2256 vel
640 2195 750 2258 medio
776 2205 927 2276 tempore
953 2192 1126 2256 habuisse:
1159 2193 1248 2272 quod
1272 2201 1306 2256 et

149 2315 265 2358 verum
282 2303 344 2359 est.
391 2293 476 2359 Cum
492 2306 603 2361 autem
622 2297 781 2382 ingenuus
800 2297 918 2380 aliquis
941 2305 1038 2361 natus
1054 2298 1107 2372 sit,
1123 2316 1189 2358 non
1205 2295 1305 2359 officit
1322 2299 1334 2352 l

153 2399 199 2461 illi
214 2401 246 2462 in
262 2401 422 2464 servitute
444 2399 543 2466 fuisse
561 2410 595 2466 et
612 2412 728 2486 postea
748 2404 984 2466 manumissum
1002 2421 1093 2464 esse:
1116 2399 1306 2484 saepissime

155 2507 239 2570 enim
256 2507 474 2572 constitutum
490 2518 541 2574 est
557 2509 721 2572 natalibus
737 2529 802 2572 non
818 2509 948 2573 officere
965 2507 1264 2573 manumissionem.

712 2759 754 2826 V.

588 2911 638 2962 nn
655 2911 876 2962 crssnnmms,

197 3036 360 3101 Libertini
394 3044 480 3115 sunt,
509 3037 565 3120 qui
601 3057 645 3100 ex
681 3037 765 3100 iusta
803 3038 958 3102 servitute
993 3034 1183 3101 manumissi
1220 3045 1305 3099 sunt.

157 3141 369 3204 manumissio
392 3150 504 3204 autem
527 3148 579 3204 est
601 3141 693 3204 datio
716 3140 894 3204 libertatis:
920 3160 996 3206 nam
1013 3141 1169 3224 quamdiu
1185 3140 1258 3220 quis
1273 3139 1306 3201 in

156 3337 249 3394 derive
262 3339 412 3394 colonatus
425 3338 497 3392 from
514 3336 650 3408 repeated
665 3337 841 3394 settlements
856 3339 889 3393 os
897 3337 1039 3393 homeless
1053 3335 1110 3391 and
1128 3333 1306 3390 home-seck-

155 3421 202 3492 ing
213 3421 383 3478 barbarians
396 3421 425 3476 in
438 3423 486 3478 the
500 3424 612 3476 Roman
625 3420 781 3490 provinces

187 3509 248 3561 'fit
262 3509 319 3560 IV.
339 3507 402 3560 The
420 3505 474 3560 law
492 3522 523 3560 as
540 3503 634 3558 stated
651 3503 680 3558 in
699 3505 748 3560 the
767 3504 858 3560 words
879 3505 922 3560 ‘et
942 3521 976 3560 ex
995 3501 1136 3558 contrario
1153 3543 1159 3556 .
1174 3539 1180 3554 .
1194 3542 1200 3555 .
1215 3499 1262 3571 qui
1278 3499 1306 3556 in

155 3600 233 3644 utero
246 3590 309 3658 est‚’
321 3589 417 3644 unless
430 3589 478 3643 the
491 3587 568 3644 child
585 3605 642 3642 was
659 3587 813 3642 conceived
831 3588 860 3642 in
880 3588 972 3644 lawsul
985 3586 1120 3655 wedloclc
1134 3583 1157 3639 is
1175 3593 1307 3655 contrary

155 3683 184 3726 to
196 3673 245 3728 the
258 3671 397 3742 principle
409 3671 467 3726 laid
482 3671 565 3726 down
578 3671 617 3740 by
630 3669 719 3726 Gaius
732 3669 749 3726 i.
764 3672 806 3726 88.
820 3685 854 3741 92
868 3670 932 3742 ‘qui
947 3670 1091 3741 illegitime
1102 3667 1305 3740 concipiuntur,

155 3765 260 3810 statum
273 3765 389 3810 sumunt
403 3773 436 3812 ex
449 3773 484 3811 eo
496 3765 632 3826 tempore,
647 3771 702 3826 quo
715 3764 886 3810 nascuntur:
900 3755 947 3828 qui
961 3754 1085 3826 legitime
1102 3752 1306 3824 concipiuntur,

155 3855 188 3894 ex
206 3837 404 3909 conceptionis
423 3841 568 3912 tempore'
583 3839 675 3894 which
694 3838 718 3892 is
735 3838 892 3893 confirmed
903 3840 942 3910 by
956 3839 1070 3909 Ulpian‚
1083 3855 1141 3908 reg.
1156 3850 1179 3907 5.
1196 3853 1235 3906 ro,
1249 3837 1307 3894 and

157 3921 292 3977 Neratius
306 3921 335 3976 in
350 3921 417 3992 Dig.
431 3935 471 3992 50.
490 3937 511 3978 1.
525 3937 549 3992 ᾳ
577 3924 620 3992 By
633 3923 682 3978 the
695 3921 763 3976 time
775 3921 808 3975 of
818 3923 929 3991 Paulus,
942 3923 1080 3991 however,
1094 3922 1150 3976 this
1163 3921 1221 3976 had
1233 3921 1305 3976 been

155 4006 269 4074 altered,
284 4005 331 4062 ‘id
350 4005 426 4060 enim
446 4007 526 4060 lavor
543 4004 681 4060 libertatis
700 4004 843 4075 exposcit'
861 4023 914 4061 rec
929 4016 1001 4062 sent.
1015 4021 1039 4061 2.
1053 4021 1094 4072 24
1108 4020 1165 4073 1-3.
1202 4004 1306 4058 Paulus

156 4089 214 4144 also
224 4105 325 4160 agrees
335 4087 403 4144 with
415 4089 567 4144 Marcellus
577 4105 653 4159 upon
664 4088 712 4143 the
722 4088 852 4159 question
865 4089 908 4143 sor
917 4089 1007 4144 which
1017 4090 1066 4143 the
1075 4088 1179 4142 latter's
1190 4085 1305 4155 opinion

156 4171 178 4226 is
190 4172 265 4228 cited
278 4191 285 4227 ε
306 4171 419 4228 ‘media
434 4171 511 4228 enim
523 4181 653 4242 tempora
664 4171 786 4228 libertati
799 4172 944 4244 prodesse,
957 4189 1014 4227 non
1027 4187 1129 4226 nocere
1142 4167 1229 4225 etiam
1241 4185 1306 4238 pos·

156 4256 233 4310 sunt’
249 4256 302 4310 loc
318 4254 366 4310 cit.

188 4341 212 4394 1.
232 4341 290 4394 For
302 4339 352 4394 the
365 4337 500 4408 meaning
513 4337 562 4392 of‘
570 4336 598 4392 in
612 4337 745 4396 servitute
758 4337 861 4393 luisse'
874 4355 922 4393 see
935 4353 971 4392 on
985 4335 1041 4392 Tit.
1055 4349 1080 4404 3.
1096 4347 1109 4404 5
1123 4350 1197 4403 supr.

186 4425 244 4480 iit„
257 4427 298 4480 V.
320 4424 365 4493 By
376 4421 466 4478 ‘iusta
479 4420 614 4478 servitus'
626 4421 650 4478 is
663 4431 760 4478 meant
773 4439 791 4478 a
803 4421 913 4492 slavery
927 4418 1018 4474 which
1030 4418 1053 4474 is
1066 4418 1139 4488 legal
1153 4433 1184 4472 as
1199 4415 1304 4472 wellas
