3166 5022
205 300 256 348 Tit.
268 295 319 362 ιο.]
408 329 411 338 ·
435 295 495 350 DE
520 293 826 350 TESTAMENTIS
848 295 1123 352 ORDINANDIS·
1290 305 1353 374 239

202 468 291 539 sunt,
306 460 436 544 utrique
450 471 553 526 testes
576 462 610 526 in
629 480 731 524 unum
749 469 987 526 testamentum
1009 460 1078 526 fieri
1094 471 1251 545 possunt:
1275 463 1353 546 quia

203 563 284 626 nihil
300 575 398 630 nocet
412 586 456 630 ex
471 585 538 629 una
553 566 654 629 domo
677 564 786 646 plures
806 573 909 628 testes
924 564 1031 629 alieno
1047 567 1180 648 negotio
1195 565 1352 631 adhiberi.

205 665 246 729 In
269 669 410 732 testibus
432 679 545 734 autem
569 689 635 733 non
658 669 760 733 debet
781 688 854 733 esse
877 669 933 750 qui
955 669 988 732 in
1003 678 1169 752 potestate
1185 671 1382 735 testatoris9

203 781 265 836 est.
309 776 368 838 sed
385 775 411 837 si
428 773 669 838 filiusfamilias
690 775 734 838 de
753 773 909 837 castrensi
925 774 1054 856 peculio
1070 785 1145 856 post
1162 775 1351 840 missionem

202 875 303 942 faciat
318 887 565 958 testamentum,
586 899 646 943 nec
669 889 765 960 pater
787 879 856 942 eius
880 889 967 943 recte
989 880 1084 944 testis
1100 880 1277 944 adhibetur
1293 901 1352 944 nec

202 980 302 1064 isqui
323 983 356 1046 in
379 992 546 1064 potestate
568 982 716 1046 eiusdem
739 983 842 1064 patris
865 991 936 1047 est:
961 983 1172 1066 reprobatum
1194 993 1245 1049 est
1264 985 1351 1047 enim

201 1085 236 1149 in
252 1107 292 1150 ea
307 1107 343 1150 re
357 1087 578 1152 domesticum
598 1087 838 1151 testimonium.
886 1084 953 1150 Sed
973 1107 1080 1169 neque
1095 1086 1190 1152 heres
1210 1087 1351 1170 scriptus
1367 1091 1400 1146 1⁰

202 1209 310 1274 neque
326 1192 354 1254 is
368 1192 425 1274 qui
444 1192 476 1254 in
497 1199 665 1274 potestate
685 1189 755 1253 eius
778 1199 829 1254 est
847 1208 954 1272 neque
976 1199 1072 1273 pater
1093 1190 1163 1253 eius
1179 1191 1235 1273 qui
1249 1190 1351 1256 habet

203 1315 280 1358 eum
296 1296 329 1358 in
345 1303 512 1378 potestate
527 1314 636 1377 neque
650 1293 767 1358 fratres
783 1293 839 1374 qui
856 1293 889 1356 in
905 1295 1052 1358 eiusdem
1068 1295 1170 1377 patris
1186 1305 1352 1378 potestate

200 1410 279 1464 sunt
295 1409 397 1465 testes
412 1401 562 1464 adhiberi
583 1407 732 1482 possunt,
754 1399 832 1480 quia
854 1407 963 1462 totum
985 1399 1048 1463 hoc
1067 1401 1246 1482 negotium,
1261 1400 1352 1482 quod

200 1505 313 1585 agitur
331 1505 522 1568 testamenti
543 1502 718 1566 ordinandi
738 1502 853 1585 gratia,
877 1502 1019 1566 creditur
1040 1502 1141 1568 hodie
1159 1505 1245 1567 inter
1258 1503 1352 1568 here·

200 1607 279 1670 dem
293 1617 328 1671 et
343 1617 535 1672 testatorem
550 1607 614 1689 agi.
646 1605 724 1670 licet
739 1606 827 1669 enim
842 1614 951 1669 totum
968 1606 1019 1669 ius
1034 1607 1102 1670 tale
1117 1608 1351 1678 conturbatum

200 1710 309 1776 fuerat
323 1723 357 1776 et
372 1721 509 1790 veteres,
524 1712 581 1794 qui
595 1710 739 1775 familiae
754 1720 939 1792 emptorem
961 1719 995 1774 et
1011 1732 1078 1787 eos,
1094 1713 1150 1794 qui
1166 1732 1226 1794 per
1240 1723 1351 1795 potes·

201 1825 307 1880 tatem
324 1819 353 1880 ei
370 1817 546 1882 coadunati
562 1815 701 1892 fuerant,
724 1815 980 1880 testamentariis
998 1817 1197 1882 testimoniis
1213 1817 1350 1900 repelle·

200 1918 292 1996 bant,
311 1920 424 1984 heredi
446 1919 562 1997 ethis,
584 1920 641 2003 qui
664 1919 830 1983 coniuncti
854 1919 883 1982 ei
907 1939 967 2002 per
988 1928 1190 2001 potestatem
1213 1921 1350 1998 fuerant,

201 2024 428 2088 concedebant
446 2024 636 2088 testimonia
658 2025 691 2086 in
714 2024 923 2087 testamentis
945 2033 1120 2106 praestare,
1140 2023 1217 2087 licet
1233 2023 1277 2100 hi,
1292 2025 1350 2106 qui

201 2129 234 2192 id
251 2127 498 2210 permittebant,
513 2127 576 2192 hoc
593 2129 661 2191 iure
677 2127 812 2190 minime
827 2128 919 2190 abuti
935 2127 1056 2190 debere
1071 2147 1128 2192 eos
1144 2129 1349 2193 suadebant:

200 2240 313 2295 tamen
330 2253 390 2296 nos
407 2232 549 2295 eandem
565 2231 830 2296 observationem
853 2231 1054 2313 corrigentes
1069 2239 1112 2308 et,
1127 2231 1217 2314 quod
1233 2230 1351 2296 abillis

200 2355 336 2398 suasum
351 2343 411 2414 est,
428 2335 461 2398 in
478 2335 561 2418 legis
578 2336 806 2399 necessitatem
823 2333 1056 2399 transferentes
1072 2335 1115 2399 ad
1132 2335 1350 2398 imitationem

199 2439 328 2520 pristini
359 2439 502 2504 familiae
529 2440 687 2522 emptoris
717 2440 834 2503 merito
861 2459 921 2503 nec
947 2437 1070 2515 heredi,
1094 2439 1151 2523 qui
1173 2439 1350 2521 imaginem

199 2545 414 2608 vetustissimi
430 2543 574 2608 familiae
588 2545 746 2626 emptoris
768 2545 908 2626 optinet,
928 2564 989 2608 nec
1004 2543 1076 2608 aliis
1092 2544 1249 2626 personis,
1265 2564 1351 2626 quae

200 2647 230 2710 ei
246 2657 283 2710 ut
301 2649 428 2711 dictum
454 2657 504 2713 est
527 2649 722 2712 coniunctae
744 2657 831 2724 sunt,
858 2648 1028 2712 licentiam
1055 2647 1266 2712 concedimus
1288 2647 1350 2712 sibi

200 2753 448 2834 quodammodo
477 2754 669 2818 testimonia
698 2761 887 2835 praestare:
927 2753 1068 2834 ideoque
1098 2771 1158 2816 nec
1189 2753 1350 2816 eiusmodi

198 2865 344 2920 veterem
360 2858 629 2922 constitutionem
652 2866 764 2921 nostro
783 2858 890 2922 codici
909 2857 1007 2922 inseri
1025 2859 1241 2939 permisimus.
1285 2855 1350 2921 Le·
1365 2856 1396 2910 ll

197 2961 335 3044 'gatariis
351 2972 462 3026 autem
479 2971 513 3026 et
528 2961 847 3037 fideicommissariis,
864 2963 942 3046 quia
958 2981 1023 3026 non
1048 2961 1125 3026 iuris
1148 2979 1351 3026 successores

234 3169 250 3236 t
261 3171 289 3223 9.
310 3169 344 3222 ln
356 3169 405 3223 the
417 3167 612 3238 mancipatory
621 3169 693 3224 form
704 3167 736 3222 of
745 3167 799 3222 will
809 3185 847 3223 no
858 3167 970 3222 witness
981 3167 1071 3236 might
1081 3168 1117 3222 be
1127 3166 1155 3221 in
1166 3169 1214 3222 the
1224 3177 1350 3238 potestas

198 3251 232 3306 of
246 3250 337 3307 either
354 3252 403 3306 the
421 3261 540 3306 testator
554 3268 587 3306 or
602 3250 727 3306 familiae
739 3261 858 3321 emptor,
873 3250 962 3306 Gaius
976 3249 1003 3304 ii.
1021 3262 1079 3318 105.
1115 3251 1178 3305 The
1190 3249 1351 3320 incapacity

198 3335 232 3390 of
240 3352 258 3389 a
270 3334 472 3405 paterfamilias
485 3352 517 3389 or
529 3351 585 3404 any
598 3351 652 3390 one
664 3335 693 3389 in
706 3334 750 3390 his
764 3351 858 3406 power
871 3345 900 3389 to
913 3333 1027 3388 witness
1040 3332 1084 3386 his
1098 3349 1160 3387 own
1173 3335 1247 3388 son's
1258 3333 1312 3388 will
1322 3335 1355 3388 of

198 3429 343 3474 castrense
353 3417 502 3488 peculium,
511 3419 620 3488 though
630 3418 758 3474 affirmed
770 3419 808 3488 by
817 3417 958 3488 Justinian
971 3417 1038 3472 here
1046 3417 1118 3472 after
1129 3417 1217 3472 Gaius
1228 3416 1267 3487 (ii.
1280 3417 1350 3486 106),

198 3501 223 3556 is
241 3501 347 3558 denied
364 3503 403 3572 by
416 3502 523 3572 Ulpian
537 3502 565 3556 in
580 3503 702 3572 bigat.
718 3517 740 3558 1.
755 3517 796 3557 20.
811 3517 826 3556 2
846 3518 883 3555 on
903 3501 952 3556 the
973 3499 1117 3570 authority
1138 3501 1171 3554 of
1188 3501 1350 3557 Marcellus.

198 3586 342 3654 Probably
354 3586 402 3642 the
421 3595 476 3641 two
494 3603 630 3657 passages
648 3586 736 3642 relate
754 3595 784 3641 to
803 3585 933 3640 different
946 3601 1027 3639 cases
1040 3602 1047 3640 ε
1067 3585 1115 3639 the
1128 3585 1211 3640 latter
1222 3595 1253 3640 to
1266 3602 1283 3640 a
1296 3585 1350 3640 will

197 3670 283 3726 made
296 3669 334 3740 by
347 3670 395 3724 the
408 3686 460 3724 son
473 3687 504 3726 as
518 3669 630 3738 soldier,
643 3670 704 3725 that
717 3669 814 3724 before
827 3686 860 3724 us
872 3679 902 3723 to
915 3684 970 3723 one
983 3669 1067 3725 made
1080 3669 1152 3724 after
1164 3669 1321 3738 discharge.

234 3753 249 3820 t
264 3756 311 3807 10.
330 3753 451 3823 Though
463 3753 501 3823 by
513 3754 592 3810 strict
602 3755 655 3809 law
666 3753 715 3809 the
725 3751 786 3807 heir
798 3753 855 3807 and
866 3769 986 3823 persons
996 3753 1155 3808 connected
1164 3753 1231 3807 with
1243 3751 1303 3806 him
1312 3752 1350 3822 by

196 3837 246 3892 the
266 3835 305 3892 tie
321 3836 353 3890 of
369 3846 495 3906 potestas
511 3836 569 3892 had
586 3847 636 3892 not
653 3837 726 3892 been
742 3835 934 3905 incompetent
951 3845 981 3890 to
994 3835 1108 3891 witness
1122 3835 1141 3904 (‘
1149 3845 1350 3892 testamentum

196 3918 282 3974 simul
300 3919 447 3990 obsignavi
466 3937 532 3974 cum
546 3921 646 3975 Clodio
660 3962 666 3976 .
679 3961 686 3975 .
700 3929 728 3974 et
748 3919 826 3974 illum
844 3919 979 3974 heredem
998 3930 1026 3974 et
1046 3937 1093 3974 me
1111 3918 1277 3990 scripserat’
1291 3919 1348 3974 Cic.

196 4018 250 4072 pro
270 4003 378 4060 Milone
398 4005 449 4058 18:
471 4004 506 4060 cf.
526 4005 633 4059 Poste's
653 4003 741 4058 Gaius
761 4020 788 4073 p.
805 4002 877 4072 219),
897 4001 917 4057 it
937 4019 994 4057 was
1012 4002 1132 4058 deemed
1151 4001 1293 4072 improper
1307 4000 1351 4056 for

197 4087 276 4142 them
292 4097 322 4142 to
339 4087 377 4142 do
395 4104 428 4142 so
442 4087 542 4157 (Gaius
555 4087 583 4144 ii.
599 4087 668 4156 108),
682 4088 739 4142 and
754 4085 861 4157 Ulpian
874 4087 1017 4156 expressly
1031 4087 1137 4140 affirms
1155 4085 1228 4140 their
1242 4084 1350 4140 incom-

197 4179 318 4239 petence
328 4169 356 4224 in
368 4171 434 4241 Dig.
443 4171 486 4226 28.
498 4186 519 4226 1.
529 4186 571 4228 ao.
580 4187 621 4241 pr.
654 4173 679 4225 lt
693 4170 716 4225 is
729 4170 911 4242 conjectured
920 4170 982 4224 that
994 4169 1050 4223 this
1063 4170 1117 4223 last
1130 4185 1251 4238 passage
1260 4165 1351 4222 either

197 4251 222 4306 is
235 4271 272 4308 an
286 4253 493 4325 interpolation,
507 4271 539 4308 or
550 4256 653 4310 relates
667 4256 733 4324 only
746 4265 776 4310 to
789 4252 950 4324 praetorian
964 4251 1042 4318 wills,
1055 4268 1087 4306 as
1100 4249 1241 4320 Justinian
1254 4249 1282 4304 in
1293 4249 1349 4306 this

196 4337 306 4392 section
326 4338 429 4408 speaks
447 4355 480 4394 as
498 4338 522 4392 if
536 4339 573 4393 he
593 4339 650 4394 had
667 4338 752 4396 made
767 4356 785 4395 a
802 4337 942 4408 complete
957 4335 1068 4406 change
1086 4333 1115 4389 in
1134 4332 1283 4404 excluding
1301 4335 1350 4406 the

197 4419 351 4492 testimony
364 4421 396 4476 of
404 4421 484 4478 these
495 4437 622 4494 persons
