3028 5016
251 301 315 368 602
453 307 804 368 INSTITUTIONUM
821 306 941 365 LIBRI
958 305 1193 378 QUATTUOR.
1281 307 1339 373 [Lrh
1359 311 1400 362 lv.

222 491 239 548 3
296 478 455 544 Omnium
473 487 586 544 autem
605 477 773 544 actionum
793 475 1067 541 instituendarum
1085 473 1281 556 principium
1300 473 1347 536 ab
1362 493 1400 536 ea

251 593 346 666 parte
362 583 461 648 edicti
478 583 700 666 proficiscitur,
715 601 782 664 qua
796 591 928 664 praetor
943 580 1042 646 edicit
1057 579 1099 644 de
1114 579 1147 644 in
1162 578 1212 644 ius
1227 577 1399 642 vocando:

251 689 363 770 utique
379 687 466 752 enim
483 689 516 752 in
531 687 645 770 primis
660 685 865 752 adversarius
880 685 912 748 in
929 683 978 748 ius
988 684 1155 748 vocandus
1170 691 1230 760 est,
1241 682 1276 748 id
1293 691 1345 746 est
1357 681 1400 744 ad

250 811 326 854 eum
341 793 510 856 vocandus
527 803 585 868 est,
602 791 658 874 qui
680 791 729 856 ius
744 791 890 856 dicturus
908 789 960 854 sit.
1003 809 1069 871 qua
1084 797 1177 870 parte
1191 795 1326 870 praetor
1340 805 1400 868 pa-

250 895 398 960 rentibus
412 905 446 960 et
461 897 614 980 patronis,
629 896 709 960 item
730 895 842 960 liberis
861 893 1116 978 parentibusque
1136 873 1352 974 patronorum
1368 898 1400 951 et

250 1009 463 1081 patronarum
478 999 565 1064 hunc
580 1009 726 1082 praestat
740 998 910 1073 honorem,
927 1006 964 1064 ut
979 1015 1045 1062 non
1064 995 1161 1062 aliter
1175 994 1275 1061 liceat
1289 992 1401 1057 liberis

250 1102 441 1187 libertisque
456 1125 514 1168 eos
528 1105 562 1168 in
577 1104 627 1167 ius
637 1124 763 1177 vocare,
776 1123 877 1185 quam
892 1101 919 1166 si
934 1101 967 1166 id
979 1101 1024 1166 ab
1038 1100 1110 1182 ipso
1121 1109 1275 1182 praetore
1286 1104 1398 1179 postu-

251 1205 390 1272 laverint
412 1217 446 1273 et
468 1209 733 1292 impetraverint:
757 1217 791 1271 et
813 1207 840 1270 si
863 1206 938 1288 quis
957 1204 1052 1270 aliter
1069 1203 1246 1278 vocaverit,
1268 1201 1302 1264 in
1322 1217 1397 1264 eum

251 1331 394 1394 poenam
409 1311 588 1376 solidorum
604 1311 844 1395 quinquaginta
859 1307 1038 1374 constituit.

763 1535 878 1600 XVII.
928 1551 933 1558 ·

630 1715 681 1766 oa
704 1713 852 1765 ovrrcro
875 1709 1024 1763 runrcrs.

295 1863 461 1948 Superest,
484 1874 522 1929 ut
544 1865 587 1932 de
609 1864 716 1928 officio
739 1863 855 1928 iudicis
877 1863 1098 1946 dispiciamus.
1143 1871 1178 1926 et
1204 1861 1341 1945 quidem
1369 1861 1402 1923 in

250 1969 366 2051 primis
388 1967 470 2033 illud
494 1969 668 2034 observare
694 1967 795 2032 debet
822 1967 933 2042 iudex,
959 1987 1000 2030 ne
1023 1966 1119 2031 aliter
1141 1967 1276 2042 iudicet,
1299 1983 1402 2048 quam

223 2072 379 2155 llegibus
402 2082 459 2137 aut
484 2073 774 2138 constitutionibus
798 2081 857 2136 aut
881 2071 1026 2136 moribus
1052 2071 1220 2154 proditum
1247 2079 1307 2134 est.
1356 2067 1402 2130 Et

250 2176 326 2240 ideo
352 2177 379 2240 si
408 2177 521 2240 noxali
548 2177 668 2240 iudicio
698 2176 849 2240 addictus
879 2184 939 2254 est,
963 2175 1136 2240 observare
1162 2174 1272 2251 debet,
1299 2181 1347 2248 ut,
1375 2171 1402 2234 si

250 2281 522 2344 condemnandus
547 2280 713 2344 videbitur
741 2280 903 2357 dominus,
934 2279 981 2344 ita
1011 2279 1131 2343 debeat
1161 2277 1402 2343 condemnare:

251 2383 421 2448 ‘Publium
446 2384 613 2448 Maevium
637 2384 741 2448 Lucio
760 2383 851 2447 Titio
869 2383 985 2446 decern
1006 2383 1114 2446 aureis
1134 2381 1320 2446 condemno
1343 2387 1403 2442 aut

220 2497 375 2551 2noxam
391 2485 531 2552 dedere.’
578 2487 623 2553 Et
639 2489 666 2552 si
682 2488 714 2550 in
731 2507 800 2551 rern
817 2497 927 2552 actum
943 2487 994 2565 sit,
1010 2485 1078 2551 sive
1094 2495 1208 2550 contra
1223 2485 1401 2568 petitorem

251 2789 275 2842 2,
290 2774 361 2830 ‘hoc
379 2775 476 2832 edicto
494 2777 675 2834 continentur
687 2777 773 2834 etiarn
792 2795 900 2846 omnes,
913 2777 960 2849 qui
973 2776 1067 2834 edicto
1083 2775 1220 2848 praetoris
1237 2784 1267 2834 ut
1281 2774 1403 2832 infames

249 2867 400 2914 notantur:
421 2859 468 2930 qui
486 2877 586 2918 omnes
601 2861 655 2918 nisi
674 2879 726 2933 pro
743 2879 774 2918 se
792 2871 821 2918 et
840 2862 923 2918 certis
942 2861 1070 2932 personis
1088 2879 1125 2918 ne
1142 2861 1299 2931 postulent’
1312 2859 1349 2914 ib.
1364 2857 1403 2924 8),

250 2942 308 2996 and
320 2943 381 2996 also
395 2959 452 2998 was
466 2953 495 3000 to
508 2961 526 3000 a
538 2945 614 3015 large
627 2955 722 3003 extent
736 2945 885 3016 incapable
898 2945 931 3000 ol
943 2945 1030 3014 being
1041 2943 1224 3016 represented
1236 2942 1354 3000 himself
1364 2941 1403 3009 by

250 3041 287 3080 an
298 3037 383 3094 agent
397 3025 425 3080 in
434 3027 507 3096 legal
518 3045 642 3098 process,
653 3028 707 3086 Tit.
720 3043 758 3096 13.
773 3044 801 3084 rt
814 3029 872 3086 and
881 3039 963 3088 notes
971 3045 1046 3099 supr.
1058 3045 1065 3096 ς
1084 3029 1180 3098 finally
1189 3025 1296 3084 certain
1306 3025 1403 3082 matri·

251 3108 357 3166 monial
371 3109 539 3168 disabilities
553 3129 625 3168 were
638 3111 767 3182 imposed
783 3129 820 3170 on
838 3113 898 3170 him
910 3112 949 3182 by
961 3113 1009 3172 the
1026 3113 1071 3168 lex
1088 3111 1160 3170 iulia
1176 3111 1213 3166 de
1226 3109 1402 3178 maritandis,

251 3191 367 3262 Ulpian‚
387 3209 445 3265 reg.
462 3209 502 3263 13.
518 3210 541 3252 r.
554 3209 578 3250 2.
625 3195 726 3252 Under
741 3195 891 3266 Justinian‚
909 3197 1047 3266 however,
1066 3205 1141 3256 most
1160 3195 1191 3250 of
1205 3195 1287 3252 these
1303 3210 1403 3250 conse·

250 3292 376 3346 quences
390 3295 463 3334 were
476 3277 650 3350 inoperative
663 3297 695 3334 or
707 3279 843 3337 obsolete.

286 3360 309 3414 F
311 3377 343 3414 or
353 3360 401 3416 the
411 3362 546 3433 meaning
554 3363 587 3418 of
593 3362 668 3420 actio
681 3363 789 3418 directa
803 3363 831 3420 in
844 3361 901 3418 this
914 3361 1082 3421 connection
1093 3379 1141 3418 see
1149 3379 1177 3432 p.
1186 3362 1238 3430 383
1246 3377 1322 3430 supr.
1334 3379 1341 3425 ς
1360 3359 1403 3414 for

250 3440 358 3511 ‘pacti’
380 3443 414 3497 cf.
430 3444 495 3515 Dig.
509 3461 533 3514 3.
548 3461 573 3504 2.
586 3445 611 3502 6.
625 3461 641 3515 3
654 3446 712 3502 and
731 3461 749 3513 4
768 3445 901 3516 ‘pactum
925 3445 966 3502 sic
990 3443 1154 3516 accipimus,
1175 3444 1199 3500 si
1222 3460 1286 3502 cum
1311 3442 1402 3514 pretio

249 3535 470 3597 quantocunque
495 3537 595 3598 pactus
623 3530 683 3598 est,'
703 3529 917 3586 Cod.2.12.18
937 3529 1049 3586 ‘verum
1077 3538 1177 3599 pactos
1202 3543 1252 3582 eos
1277 3526 1401 3592 demum,

249 3607 297 3679 qui
317 3608 389 3664 ullos
408 3609 576 3670 adversariis
596 3629 727 3670 nummos
746 3630 798 3683 pro
814 3613 890 3670 mala
911 3611 1085 3670 conscientia
1102 3629 1136 3668 ex
1149 3609 1340 3668 transactione
1352 3626 1402 3662 nu·

250 3701 417 3760 merassent‚
432 3691 460 3746 in
473 3693 527 3750 hac
540 3711 626 3752 causa
638 3696 744 3764 placuit
758 3695 900 3766 intellegi!
937 3697 999 3752 The
1013 3693 1225 3765 compounding
1242 3693 1274 3746 of
1286 3710 1305 3748 a
1316 3691 1401 3748 delict

249 3774 293 3828 lor
306 3791 410 3844 money
423 3775 446 3830 is
460 3791 492 3830 as
505 3776 562 3832 bad
575 3795 607 3834 as
619 3777 706 3848 being
718 3779 806 3836 found
819 3780 908 3850 guilty
920 3779 952 3836 ol
961 3779 1066 3849 having
1078 3777 1244 3834 committed
1257 3775 1286 3830 it.

286 3855 300 3928 §
314 3861 343 3913 3.
363 3859 421 3914 For
433 3859 481 3913 the
494 3859 566 3916 form
579 3860 612 3916 of
624 3879 771 3918 summons
784 3864 874 3920 under
890 3862 1032 3934 Justinian
1049 3879 1097 3918 see
1112 3879 1150 3916 on
1163 3861 1219 3916 Tit.
1231 3859 1257 3915 ό.
1271 3873 1305 3926 24
1316 3875 1402 3928 supr„

250 3941 308 3996 and
320 3941 363 3997 for
375 3943 424 3998 the
437 3961 584 4000 summons
601 3947 634 4002 of
648 3957 763 4017 parents
781 3947 840 4002 and
858 3958 976 4018 patrons
993 3946 1111 4002 without
1128 3947 1176 4001 the
1193 3945 1327 4017 praetor’s
1340 3961 1403 4015 pes·

250 4023 368 4080 mission
382 4027 416 4082 cf.
432 4027 521 4084 Gaius
535 4028 569 4084 iv.
583 4030 627 4096 46.

286 4110 345 4164 tte
359 4112 464 4166 xvtt
478 4115 502 4166 1.
525 4113 581 4168 For
599 4113 682 4168 noxal
701 4111 812 4169 actions
831 4129 879 4170 see
897 4113 952 4168 Tit.
969 4113 986 4168 8
1004 4129 1079 4183 supr.
1093 4111 1151 4168 and
1166 4121 1265 4168 notes:
1285 4110 1318 4165 cf.
1335 4109 1402 4178 Dig.

250 4205 293 4258 42·
311 4207 332 4246 1.
346 4192 398 4248 6.1
422 4194 538 4250 ‘decern
563 4205 611 4250 aut
635 4212 726 4252 noxae
749 4197 854 4252 dedere
879 4197 1085 4254 condemnatus
1110 4194 1226 4250 iudicati
1251 4193 1402 4248 indecem

252 4285 371 4344 tenetur,
386 4275 548 4332 facultatem
562 4289 658 4334 autem
671 4297 762 4336 noxae
775 4280 897 4336 dedendi
910 4297 945 4336 ex
960 4281 1022 4350 lege
1035 4279 1157 4350 accipit:
1175 4287 1205 4334 at
1218 4277 1242 4332 is
1255 4277 1302 4348 qui
1314 4275 1402 4346 stipu-

255 4359 331 4413 latus
343 4369 386 4414 est
400 4359 499 4416 decern
513 4371 560 4418 aut
573 4379 664 4416 noxae
678 4363 782 4420 dedere
794 4381 852 4420 non
865 4373 958 4435 potest
971 4363 1072 4420 decem
1085 4363 1198 4433 petere!

293 4441 350 4512 §z
369 4443 559 4502 Adeiendant
569 4447 662 4502 would
671 4446 708 4502 be
717 4447 835 4508 entitled
844 4459 873 4504 to
883 4447 952 4508 time
961 4449 1031 4504 fora
1041 4446 1180 4506 restitutio
1198 4443 1402 4512 that'istosay,
