3166 5022
211 267 325 390 Tit.fo.]
648 317 710 372 DE
730 316 875 410 LEoAT
873 316 924 372 IS.
1294 303 1353 372 281

212 488 381 572 utriusque
406 485 485 550 iuris
515 481 647 568 cognita
676 482 772 548 facile
801 481 928 566 possint
957 481 1213 566 permixtionem
1244 502 1357 547 eorum

212 594 330 660 eruditi
350 591 574 676 suptiliorihus
592 588 724 654 auribus
738 587 896 671 accipere.

256 699 335 762 Non
357 697 465 761 solum
488 703 601 759 autern
624 694 792 758 testatoris
814 691 867 757 vel
889 691 1020 758 heredis
1043 711 1102 772 res,
1118 693 1175 757 sed
1195 699 1229 756 et
1251 691 1389 758 aliena4

213 803 315 888 legari
331 811 464 887 potest:
486 801 533 864 ita
548 808 585 863 ut
599 797 695 862 heres
710 807 847 880 cogatur
864 797 1025 862 redimere
1045 819 1119 862 eam
1141 809 1175 863 et
1191 808 1360 882 praestare

160 897 164 906 ’
213 908 275 982 vel,
292 907 320 971 si
335 927 402 970 non
419 914 530 990 potest
547 904 717 982 redimere,
736 903 1002 968 aestimationem
1026 903 1095 966 eius
1117 903 1206 967 dare.
1252 901 1310 968 sed
1332 900 1360 966 si

215 1011 290 1076 talis
312 1030 363 1074 res
385 1011 436 1088 sit,
452 1009 543 1073 cuius
565 1026 632 1070 non
655 1017 705 1072 est
725 1007 967 1084 commercium,
991 1027 1052 1072 nec
1078 1007 1265 1072 aestimatio
1293 1006 1361 1070 eius

215 1116 362 1190 debetur,
378 1113 472 1177 sicuti
497 1112 523 1175 si
548 1131 702 1194 campum
727 1110 887 1176 Martium
912 1111 964 1174 vel
985 1110 1136 1176 basilicas
1157 1110 1209 1175 vel
1235 1109 1362 1192 templa

214 1219 268 1284 vel
292 1239 378 1302 quae
405 1216 537 1301 publico
559 1217 630 1280 usui
651 1217 817 1282 destinata
840 1227 917 1281 sunt
939 1215 1118 1300 legaverit:
1142 1237 1219 1279 narn
1242 1215 1363 1279 nullius

216 1325 376 1388 momenti
405 1322 554 1405 legatum
584 1328 645 1385 est.
691 1320 781 1401 quod
806 1329 919 1385 autem
950 1322 1095 1384 diximus
1122 1319 1264 1384 alienam
1293 1339 1362 1382 rem

216 1447 315 1511 posse
326 1425 436 1510 legari,
449 1426 495 1490 ita
508 1423 766 1507 intellegendum
779 1433 838 1500 est,
849 1425 876 1488 si
892 1425 1066 1489 defunctus
1080 1425 1206 1488 sciebat
1221 1423 1362 1486 alienam

217 1551 286 1596 rem
302 1552 383 1611 esse,
396 1552 462 1595 non
477 1540 511 1594 et
526 1530 553 1593 si
569 1529 761 1611 ignorabat:
785 1529 920 1594 forsitan
937 1531 1035 1606 enim,
1048 1531 1075 1593 si
1087 1529 1202 1594 scisset
1213 1529 1364 1606 alienam,

219 1657 285 1699 non
300 1636 453 1718 legasset.
491 1643 525 1698 et
541 1633 587 1696 ita
603 1633 698 1696 divus
715 1633 790 1698 Pius
806 1633 981 1716 rescripsit.
1019 1643 1052 1698 et
1067 1635 1174 1698 verius
1190 1642 1240 1697 est
1255 1633 1363 1714 ipsum

218 1741 273 1822 qui
298 1741 376 1822 agit,
399 1740 432 1802 id
457 1747 507 1802 est
529 1737 733 1820 legatarium,
754 1737 894 1819 probare
920 1747 1071 1820 oportere
1099 1741 1199 1804 scisse
1222 1737 1364 1802 alienam

219 1865 288 1908 rem
303 1843 414 1926 legare
425 1841 625 1917 defunctum,
639 1861 705 1904 non
716 1839 873 1905 heredem
885 1843 1026 1924 probare
1036 1852 1188 1925 oportere
1198 1843 1366 1924 ignorasse

218 1947 367 2027 alienam,
379 1949 456 2031 quia
468 1967 599 2030 semper
610 1949 788 2010 necessitas
800 1947 961 2029 probandi
976 1948 1137 2012 incumbit
1152 1947 1198 2010 illi
1214 1947 1269 2029 qui
1286 1946 1364 2028 agit.

221 2052 289 2118 Sed
316 2063 350 2118 et
374 2055 401 2116 si
422 2073 491 2117 rem
515 2052 697 2136 obligatam
721 2052 873 2115 creditori
900 2051 1018 2135 aliquis
1042 2051 1211 2136 legaverit,
1234 2063 1397 2117 necesse5

220 2159 320 2222 habet
335 2157 430 2222 heres
445 2157 544 2222 luere.
589 2165 622 2221 et
643 2157 707 2221 hoc
727 2177 859 2239 quoque
880 2177 956 2222 casu
978 2157 1066 2221 idem
1088 2156 1208 2240 placet,
1227 2156 1317 2239 quod
1333 2157 1366 2218 in

220 2283 254 2325 re
269 2261 385 2337 aliena,
402 2271 439 2324 ut
459 2261 505 2326 ita
526 2261 662 2326 demum
682 2259 772 2324 luere
792 2281 924 2324 necesse
938 2259 1061 2326 habeat
1081 2261 1185 2339 heres,
1201 2261 1228 2323 si
1243 2259 1368 2325 sciebat

221 2365 396 2430 defunctus
414 2386 483 2430 rem
502 2365 685 2448 obligatam
709 2383 801 2428 esse:
826 2372 861 2428 et
883 2365 929 2429 ita
952 2365 1018 2428 divi
1043 2363 1184 2428 Severus
1207 2375 1241 2429 et
1256 2365 1367 2428 Anto-

221 2471 316 2532 ninus
329 2471 571 2552 rescripserunt.
593 2470 621 2533 si
633 2479 747 2533 tamen
762 2467 935 2532 defunctus
949 2467 1053 2532 voluit
1069 2467 1263 2552 legatarium
1278 2468 1368 2532 luere

222 2583 255 2638 et
277 2573 340 2638 hoc
363 2575 535 2658 expressit,
552 2595 618 2638 non
642 2575 743 2640 debet
764 2573 860 2638 heres
884 2594 957 2638 eam
983 2575 1080 2639 luere.
1127 2573 1163 2640 Si
1188 2595 1239 2638 res
1261 2574 1399 2638 alienat

222 2679 332 2762 legata
353 2679 451 2744 fuerit
473 2688 507 2744 et
527 2681 597 2744 eius
615 2682 690 2744 vivo
709 2689 868 2744 testatore
890 2677 1067 2763 legatarius
1091 2679 1245 2745 dominus
1264 2680 1370 2744 factus

222 2784 328 2860 fuerit,
351 2785 378 2848 si
401 2785 536 2868 quidem
559 2805 718 2850 excausa
741 2785 925 2868 emptionis,
950 2805 993 2848 ex
1017 2794 1217 2850 testamento
1240 2787 1371 2848 actione

161 2971 167 2984 Ι
222 2889 365 2970 pretium
382 2890 536 2972 consequi
551 2899 683 2973 potest:
707 2889 734 2952 si
749 2909 826 2952 vero
843 2911 886 2953 ex
908 2909 1007 2954 causa
1022 2889 1188 2964 lucrativa,
1204 2888 1306 2952 veluti
1325 2908 1369 2951 ex

224 2993 402 3058 donatione
424 2995 477 3059 vel
503 3015 549 3060 ex
572 2995 638 3060 alia
660 2993 759 3059 simili
783 3015 890 3072 causa,
916 3015 1014 3078 agere
1038 3015 1103 3059 non
1127 3005 1247 3077 potest.
1293 3013 1370 3056 nam

224 3098 383 3163 traditum
400 3107 450 3162 est
465 3099 549 3164 duas
567 3099 741 3164 lucrativas
762 3119 877 3163 causas
896 3099 928 3161 in
944 3098 1086 3162 eundem
1104 3097 1273 3162 hominem
1289 3098 1371 3162 etin

225 3204 365 3268 eandem
382 3225 450 3268 rem
466 3223 655 3268 concurrere
674 3223 740 3267 non
758 3223 864 3285 posse.
908 3201 971 3266 hac
989 3204 1115 3267 ratione
1133 3203 1160 3266 si
1182 3223 1226 3266 ex
1241 3201 1372 3266 duobus

224 3309 432 3373 testamentis
448 3310 565 3373 eadem
581 3328 632 3372 res
648 3308 756 3372 eidem
773 3307 941 3382 debeatur,
958 3306 1101 3382 interest,
1118 3317 1228 3371 utrum
1244 3327 1314 3370 rem
1329 3325 1372 3369 an

225 3413 490 3478 aestimationem
517 3434 561 3477 ex
588 3421 789 3478 testamento
814 3421 1008 3476 consecutus
1035 3419 1107 3475 est:
1137 3431 1214 3474 nam
1241 3411 1268 3474 si
1293 3430 1373 3489 rem,

225 3539 322 3602 agere
338 3540 404 3583 non
420 3529 541 3602 potest,
558 3519 636 3600 quia
649 3517 753 3582 habet
769 3536 842 3582 eam
864 3535 908 3579 ex
929 3535 1027 3580 causa
1048 3515 1214 3592 lucrativa,
1231 3515 1258 3579 si
1274 3514 1373 3578 aesti-

261 3791 318 3863 §4-
343 3793 405 3848 The
426 3803 488 3847 true
508 3791 576 3859 rule,
595 3789 628 3844 of
642 3788 734 3843 which
750 3788 817 3857 only
835 3803 872 3842 an
891 3785 1101 3841 illustrationis
1123 3785 1250 3840 afforded
1269 3784 1375 3852 hythe

225 3879 324 3947 legacy
336 3876 395 3931 ofa
406 3893 451 3931 res
464 3885 543 3930 extra
559 3871 768 3941 commercium,
781 3871 805 3926 is
818 3872 879 3926 that
892 3871 940 3926 the
958 3879 1004 3925 act
1017 3868 1108 3923 which
1121 3869 1169 3922 the
1182 3869 1263 3922 heres
1281 3869 1333 3921 has
1346 3875 1376 3920 to

225 3961 348 4032 perform
367 3959 396 4013 in
414 3959 513 4014 favour
530 3957 563 4012 of
576 3958 625 4013 the
643 3958 754 4026 legatee
771 3965 846 4009 must
863 3955 899 4009 he
915 3954 984 4008 both
1001 3951 1157 4023 physically
1175 3950 1301 4022 possible
1318 3947 1376 4004 and

226 4045 328 4115 legally
346 4041 516 4114 permitted:
538 4058 570 4096 as
588 4041 625 4096 he
643 4048 748 4094 cannot
766 4055 875 4107 convey
892 4049 923 4092 to
940 4037 989 4092 the
1007 4037 1091 4091 latter
1106 4052 1125 4089 a
1140 4051 1185 4089 res
1204 4043 1283 4088 extra
1300 4047 1376 4088 com·

226 4127 371 4196 mercium,
384 4143 417 4181 so
429 4127 466 4180 he
479 4125 566 4196 ought
579 4133 628 4179 not
641 4134 671 4179 to
683 4124 719 4178 he
731 4122 890 4193 compelled
903 4132 932 4176 to
944 4137 1000 4191 pay
1012 4119 1072 4173 him
1085 4117 1121 4172 its
1133 4119 1222 4172 value.

263 4211 319 4284 §a
339 4211 401 4266 The
417 4208 523 4264 maxirn
545 4207 634 4263 ‘duas
653 4206 803 4262 lucrativas
825 4221 925 4260 causas
946 4204 974 4258 in
996 4203 1118 4258 etrndem
1136 4199 1281 4256 hominem
1300 4207 1328 4253 et
1347 4197 1376 4252 in

226 4296 349 4354 eandem
367 4311 427 4351 rem
446 4309 612 4350 concurrere
629 4309 686 4346 non
705 4291 806 4362 posse'
824 4306 891 4358 may
909 4288 945 4343 be
966 4285 1114 4342 otherwise
1135 4282 1228 4338 stated
1248 4283 1331 4337 thus:
1358 4280 1382 4334 if

227 4382 277 4437 the
288 4395 333 4434 rea
350 4381 445 4449 legata
462 4377 578 4446 already
589 4376 707 4446 belongs
726 4385 756 4430 to
772 4375 821 4429 the
840 4373 949 4442 legates
962 4371 1042 4425 when
1060 4369 1109 4424 the
1129 4367 1189 4422 dies
1205 4365 1290 4436 legati
1303 4362 1378 4418 cedit

230 4463 307 4534 (Dig.
322 4478 364 4533 30.
378 4464 419 4520 82.
433 4462 496 4533 pn),
509 4461 559 4516 the
573 4459 656 4516 latter
671 4475 725 4515 can
741 4456 824 4513 claim
840 4455 876 4512 its
889 4454 970 4509 value
985 4453 1058 4508 from
1070 4453 1119 4508 the
1135 4449 1197 4506 heir
1209 4449 1275 4519 only'
1288 4447 1312 4502 if
1321 4445 1378 4502 and
