3166 5022
265 303 328 365 242
469 290 543 346 JNS
546 291 618 345 TIT
620 287 819 346 UTIONUM
836 287 955 343 LIBRI
975 285 1209 358 QUATTUOR.
1305 285 1369 352 [Lib.
1381 291 1413 339 11.

265 467 377 522 menta
393 465 464 521 rata
485 456 561 535 sint,
586 454 633 518 sic
656 449 803 534 intellegi
822 450 931 529 debet,
951 460 989 515 ut
1011 451 1125 534 utique
1147 451 1237 535 prius
1261 460 1413 516 constare

263 563 385 626 debeat
399 570 636 626 testamentum
653 557 778 622 sactum
795 576 874 634 esse,
897 557 986 638 quod
1002 566 1036 621 et
1051 558 1121 620 sine
1136 557 1295 638 scriptura
1309 577 1330 620 a
1346 577 1413 620 non

264 665 482 728 militantibus
501 683 633 747 quoque
648 661 717 726 fieri
732 668 854 743 potest.
888 659 916 723 is
931 681 1009 744 ergo
1030 659 1135 736 miles,
1151 661 1194 724 de
1209 661 1301 724 cuius
1316 660 1414 724 bonis

263 770 353 852 apud
368 777 402 832 te
418 768 592 850 quaeritur,
612 765 639 830 si
662 763 851 828 convocatis
873 764 916 828 ad
938 763 1002 828 hoc
1024 763 1222 840 hominibus,
1245 773 1284 828 ut
1298 763 1414 827 volun·

264 883 369 937 tatem
393 893 487 936 suam
512 879 697 949 testaretur,
721 869 768 932 ita
794 867 924 934 locutus
950 877 1010 947 est,
1034 877 1071 932 ut
1095 868 1288 945 declararet,
1313 889 1414 952 quern

263 976 363 1041 vellet
390 977 452 1040 sibi
479 996 550 1039 esse
578 975 736 1039 heredem
767 981 801 1035 et
831 972 883 1035 cui
909 971 1098 1036 libertatem
1123 973 1275 1050 tribuere,
1301 981 1414 1054 potest

263 1081 365 1145 videri
381 1081 452 1146 sine
467 1081 589 1163 scripto
603 1079 666 1143 hoc
683 1078 783 1142 modo
799 1097 871 1140 esse
886 1087 1027 1141 testatus
1036 1087 1070 1140 et
1085 1076 1240 1141 voluntas
1255 1079 1326 1142 eius
1340 1087 1414 1142 rata

263 1185 417 1249 habenda
432 1195 492 1250 est.
537 1194 683 1250 ceterum
699 1185 735 1261 si,
750 1191 788 1245 ut
803 1181 999 1264 plerumque
1016 1182 1223 1246 sermonibus
1235 1182 1304 1246 fieri
1319 1181 1413 1262 solet,

264 1290 352 1352 dixit
376 1289 492 1352 alicui:
537 1293 616 1370 ‘ego
641 1298 675 1352 te
701 1286 856 1351 heredem
886 1283 991 1351 iacio'
1022 1295 1080 1350 aut
1110 1287 1187 1350 ‘tibi
1218 1287 1308 1350 bona
1338 1308 1412 1352 mea

263 1390 434 1476 relinqu0,'
458 1413 523 1456 non
552 1401 684 1474 oportet
713 1391 777 1456 hoc
806 1411 866 1473 pro
896 1401 1100 1456 testamento
1130 1391 1305 1456 observari.
1350 1413 1412 1458 nec

263 1498 405 1562 ullorum
428 1498 534 1580 magis
557 1497 694 1560 interest
717 1515 817 1578 quam
836 1496 991 1578 ipsorum,
1012 1496 1132 1579 quibus
1152 1496 1185 1559 id
1205 1495 1412 1578 privilegium

263 1605 379 1667 datum
408 1611 467 1681 est,
494 1601 655 1666 eiusmodi
678 1599 871 1682 exemplum
901 1621 967 1664 non
997 1601 1150 1665 admitti:
1173 1601 1319 1684 alioquin
1345 1621 1413 1666 non

263 1706 438 1771 difficulter
460 1717 537 1789 post
561 1715 701 1770 mortem
725 1705 861 1769 alicuius
880 1705 994 1769 militis
1019 1713 1121 1769 testes
1143 1707 1332 1781 existerent,
1355 1707 1411 1789 qui

263 1811 475 1876 adfirmarent
497 1832 533 1876 se
555 1811 686 1874 audisse
707 1811 872 1874 dicentem
895 1810 1039 1893 aliquem
1062 1810 1245 1894 relinquere
1263 1832 1299 1876 se
1313 1811 1412 1890 bona,

234 1916 315 1986 2cui
341 1917 448 1980 visum
473 1917 524 1994 sit,
550 1925 585 1980 et
603 1935 663 1998 per
687 1914 750 1979 hoc
776 1915 896 1978 iudicia
919 1935 999 1978 vera
1023 1913 1274 1980 subvertantur!
1320 1915 1411 1998 Quin

263 2021 366 2084 immo
382 2029 416 2086 et
436 2030 548 2084 mutus
568 2029 601 2084 et
624 2021 742 2084 surdus
765 2019 859 2082 miles
880 2029 1117 2084 testamentum
1138 2019 1246 2084 iacere
1260 2029 1410 2104 possunt.

234 2134 250 2188 3
265 2123 333 2189 Sed
349 2123 508 2189 hactenus
524 2123 588 2189 hoc
608 2123 672 2187 illis
691 2144 711 2186 a
735 2122 970 2206 principalibus
988 2123 1280 2188 constitutionibus
1295 2143 1412 2188 conce-

262 2229 361 2309 ditur,
375 2237 538 2312 quatenus
553 2229 697 2292 militant
718 2237 752 2292 et
775 2227 808 2290 in
829 2228 944 2291 castris
959 2229 1104 2310 degunt:
1128 2237 1204 2311 post
1219 2229 1410 2292 missionem

262 2355 340 2397 vero
354 2333 500 2397 veterani
515 2332 568 2397 vel
585 2343 682 2398 extra
700 2341 808 2397 castra
830 2332 858 2395 si
880 2331 1003 2397 iaciant
1021 2331 1130 2396 adhuc
1148 2332 1329 2398 militantes
1343 2343 1411 2398 tes·

262 2446 458 2514 tamentum,
474 2436 641 2500 communi
662 2437 811 2500 omnium
830 2435 950 2500 civium
974 2435 1201 2500 Romanorum
1220 2437 1289 2500 iure
1302 2435 1411 2502 iacere

262 2539 395 2604 debent.
448 2547 481 2604 et
505 2540 594 2622 quod
618 2541 651 2603 in
673 2540 788 2604 castris
808 2538 944 2603 iecerint
966 2549 1203 2604 testamentum
1228 2561 1293 2604 non
1320 2561 1412 2604 com·

263 2641 354 2704 muni
384 2642 463 2718 iure,
493 2642 551 2706 sed
586 2643 755 2726 quomodo
793 2642 964 2722 voluerint,
994 2653 1070 2726 post
1103 2643 1293 2708 missionem
1325 2645 1411 2710 intra

262 2765 386 2807 annum
409 2753 539 2809 tantum
561 2745 694 2812 valebit.
738 2747 818 2830 quid
841 2747 949 2830 igitur,
972 2747 1000 2810 si
1023 2747 1109 2810 intra
1130 2767 1254 2811 annum
1275 2748 1409 2831 quidem

263 2849 449 2926 decesserit,
465 2849 613 2914 condicio
634 2861 746 2915 autem
769 2851 882 2915 heredi
905 2852 1070 2934 adscripta
1089 2861 1165 2934 post
1185 2871 1308 2916 annum
1324 2853 1412 2916 exti-

263 2951 364 3018 terit?
395 2973 438 3017 an
456 2953 550 3036 quasi
569 2954 681 3018 militis
702 2965 938 3020 testamentum
960 2955 1092 3022 valeat?
1124 2965 1157 3020 et
1176 2957 1287 3038 placet
1301 2955 1410 3021 valere

233 3068 250 3121 4
263 3057 356 3140 quasi
369 3057 490 3122 militis.
521 3055 589 3122 Sed
606 3067 640 3122 et
655 3059 681 3122 si
697 3059 771 3142 quis
785 3069 865 3123 ante
881 3059 1032 3124 militiam
1048 3081 1115 3124 non
1132 3060 1201 3124 iure
1216 3059 1293 3126 iecit
1307 3069 1410 3124 testa·

263 3173 413 3227 mentum
433 3171 467 3227 et
489 3161 584 3225 miles
606 3160 712 3226 iactus
734 3173 768 3228 et
791 3163 826 3226 in·
848 3164 1062 3246 expeditione
1084 3166 1209 3248 degens
1233 3165 1410 3247 resignavit

262 3265 342 3330 illud
359 3275 393 3330 et
407 3267 572 3349 quaedam
594 3266 716 3330 adiecit
733 3267 802 3331 sive
824 3267 970 3331 detraxit
992 3267 1045 3332 vel
1066 3267 1148 3331 alias
1168 3267 1346 3333 manifesta
1360 3277 1410 3332 est

263 3371 376 3434 militis
387 3369 541 3434 voluntas
555 3369 619 3434 hoc
633 3370 743 3435 valere
760 3371 910 3450 volentis,
925 3372 1103 3436 dicendum
1119 3381 1170 3436 est
1184 3373 1293 3437 valere
1308 3381 1409 3436 testa-

233 3483 411 3542 tmentum
435 3473 529 3556 quasi
554 3493 598 3537 ex
623 3493 708 3538 nova
732 3475 845 3539 militis
870 3475 1053 3541 voluntate.
1098 3475 1251 3558 Denique
1274 3485 1309 3540 et
1330 3477 1358 3540 si
1376 3475 1408 3538 in

261 3579 511 3659 adrogationem
523 3577 622 3641 datus
637 3577 735 3643 suerit
752 3579 846 3644 miles
860 3580 912 3645 vel
930 3579 1017 3644 filius
1031 3580 1173 3645 familias
1183 3581 1409 3663 emancipatus

262 3690 322 3756 est,
334 3689 572 3745 testamentum
589 3681 659 3745 eius
674 3683 768 3765 quasi
782 3684 893 3749 militis
911 3705 955 3749 ex
971 3705 1057 3749 nova
1067 3685 1240 3750 voluntate
1250 3685 1339 3750 valet
1350 3703 1409 3748 nec

262 3785 394 3849 videtur
408 3785 525 3867 capitis
540 3785 766 3850 deminutione
784 3787 910 3852 irritum
926 3787 1006 3852 fieri.

231 3901 250 3956 6
306 3887 486 3954 Sciendum
502 3897 615 3954 tamen
632 3899 690 3969 est,
708 3893 798 3974 quod
822 3893 864 3956 ad
887 3891 1081 3977 exemplum
1102 3891 1276 3957 castrensis
1291 3891 1409 3975 peculii

261 4003 331 4058 tam
354 3994 533 4057 anteriores
548 3992 639 4076 leges
657 4013 758 4076 quam
782 3995 980 4079 principales
1004 3997 1256 4062 constitutiones
1275 3995 1409 4078 quibus·

298 4174 355 4240 Η.
375 4173 419 4242 By
432 4173 502 4228 Cod.
515 4173 541 4228 6.
555 4187 597 4228 22.
613 4187 646 4228 ro
663 4173 700 4227 all
722 4171 792 4228 deas
810 4190 842 4228 or
860 4173 947 4228 dumb
966 4176 1068 4245 people
1086 4175 1150 4230 who
1168 4174 1252 4229 could
1270 4173 1360 4245 speak
1378 4189 1410 4228 or

261 4255 339 4311 write
358 4273 431 4311 were
450 4255 572 4311 enabled
593 4267 623 4311 ro
642 4257 726 4311 make
748 4273 766 4311 a
787 4257 851 4311 will.
896 4257 1022 4328 Perhaps
1041 4259 1090 4313 the
1110 4267 1169 4312 text
1190 4273 1289 4312 means
1311 4257 1410 4312 theta

261 4338 366 4394 soldier
378 4340 441 4395 who
453 4357 512 4395 was
524 4339 593 4396 dear'
601 4357 634 4394 or
646 4340 733 4395 dumb
746 4340 837 4412 might
853 4341 890 4396 do
908 4358 940 4396 so
959 4357 1029 4398 even
1041 4341 1080 4412 by
1093 4340 1171 4412 signs
1184 4359 1190 4396 :
1209 4339 1253 4396 ior
1265 4337 1409 4410 malogies

261 4421 296 4478 ct
311 4421 379 4492 Dig.
391 4437 434 4494 ao
451 4439 475 4479 1.
490 4436 530 4495 15·
547 4438 582 4492 r;
601 4438 643 4496 aa
657 4435 681 4492 7.
695 4425 771 4494 8.4;
790 4439 888 4495 322¹·
901 4441 943 4497 pr.
