3112 5016
180 293 229 343 m.
244 289 277 355 r]
389 287 450 343 DE
474 287 833 345 onrronrrorvrsus
857 287 983 361 QUAE,
1006 287 1096 348 erc.
1264 297 1335 370 503·

180 475 246 518 non
262 453 340 518 fieri.
372 453 460 518 unde
475 453 554 520 illud
571 453 757 536 quaesitum
775 464 833 534 est,
849 475 924 520 curn
937 456 1045 520 Titius
1060 477 1188 521 servum
1206 457 1328 522 Maeuii

179 559 411 633 sollicitaverit,
436 569 472 622 ut
499 558 659 640 quasdam
683 577 733 621 res
758 558 893 622 domino
918 559 1099 641 subriperet
1126 570 1160 624 et
1184 561 1226 624 ad
1252 579 1328 623 eurn

180 663 345 745 perferret,
369 673 403 726 et
421 683 532 726 servus
555 663 588 725 id
611 664 654 726 ad
680 663 847 726 Maeuium
867 663 1045 745 pertulerit,
1067 663 1225 740 Maevius,
1247 664 1327 726 dum

178 767 250 830 vult
280 766 407 829 Titium
441 767 473 829 in
504 767 576 848 ipso
611 765 733 830 delicto
766 766 1021 849 deprehendere,
1052 767 1200 850 permisit
1235 787 1327 830 servo

179 871 339 954 quasdam
364 891 415 933 res
437 871 480 933 ad
508 891 583 934 eum
604 870 756 953 perferre,
781 881 890 936 utrum
912 871 989 936 furti
1012 893 1054 936 an
1077 874 1161 936 servi
1184 871 1326 954 corrupti

179 975 298 1038 iudicio
328 983 481 1038 teneatur
502 973 619 1054 Titius,
642 996 684 1038 an
708 973 846 1039 neutro?
876 985 1008 1040 etcum
1031 977 1126 1040 nobis
1148 997 1247 1059 super
1265 976 1327 1040 hac

178 1078 387 1141 dubitatione
410 1087 603 1160 suggestum
627 1089 677 1143 est
700 1087 734 1142 et
756 1080 965 1162 antiquorum
993 1080 1204 1163 prudentium
1230 1101 1328 1162 super

178 1182 242 1246 hoc
264 1181 494 1246 altercationes
513 1183 752 1264 perspeximus,
774 1184 973 1266 quibusdam
992 1205 1098 1268 neque
1121 1184 1198 1248 surti
1222 1205 1328 1266 neque

101 1294 107 1306 “
178 1287 262 1350 servi
278 1288 420 1369 corrupti
435 1288 598 1350 actionem
615 1289 867 1369 praestantibus,
880 1289 1078 1371 quibusdam
1090 1289 1166 1353 furti
1182 1298 1328 1352 tantum-

179 1391 298 1454 modo:
323 1412 382 1481 nos
404 1391 591 1455 huiusmodi
614 1391 788 1456 calliditati
811 1393 943 1456 obviam
965 1403 1081 1458 euntes
1101 1413 1160 1476 per
1180 1403 1327 1457 nostram

178 1494 378 1557 decisionem
406 1496 579 1558 sanximus
605 1517 670 1559 non
703 1496 809 1559 solum
837 1495 913 1560 furti
940 1497 1114 1574 actionem,
1140 1497 1198 1560 sed
1225 1495 1327 1562 etiarn

177 1598 261 1662 servi
284 1598 428 1680 corrupti
451 1607 564 1661 contra
588 1618 664 1661 eum
684 1599 772 1662 dari:
795 1599 871 1662 licet
893 1600 982 1662 enim
1003 1599 1030 1662 is
1051 1620 1163 1663 servus
1185 1601 1329 1664 deterior

177 1723 198 1764 a
227 1701 439 1765 sollicitatore
469 1701 606 1765 minime
636 1702 743 1767 lactus
774 1711 824 1765 est
858 1711 893 1766 et
930 1703 1004 1766 ideo
1036 1723 1102 1767 non
1133 1713 1328 1767 concurrant

178 1807 318 1886 regulae,
342 1827 428 1888 quae
453 1807 537 1870 servi
568 1807 712 1888 corrupti
744 1808 907 1870 actionem
936 1807 1190 1886 introducerent,
1214 1815 1327 1870 tamen

177 1910 349 1973 consilium
361 1909 558 1992 corruptoris
569 1911 612 1973 ad
628 1910 805 1990 perniciem
819 1909 992 1990 probitatis
1004 1910 1087 1972 servi
1103 1910 1327 1974 introductum

177 2023 237 2090 est,
253 2023 289 2078 ut
305 2015 347 2079 sit
369 2016 397 2078 ei
419 2013 567 2096 poenalis
587 2015 675 2076 actio
697 2013 861 2096 imposita,
884 2023 1054 2096 tamquam
1074 2033 1108 2077 re
1127 2014 1198 2096 ipsa
1213 2013 1329 2077 suisset

177 2139 288 2182 servus
314 2128 495 2201 corruptus,
524 2138 565 2182 ne
592 2138 636 2180 ex
662 2117 851 2180 huiusmodi
880 2117 1077 2199 impunitate
1104 2126 1137 2180 et
1167 2117 1200 2180 in
1227 2117 1328 2180 alium

177 2243 316 2298 servum,
339 2223 395 2305 qui
419 2222 523 2304 possit
546 2221 719 2304 corrumpi,
743 2221 811 2285 tale
836 2219 960 2284 lacinus
987 2242 1007 2284 a
1032 2221 1230 2304 quibusdam
1254 2242 1327 2304 per·

176 2336 335 2409 petretur.
381 2326 556 2389 Interdum
588 2327 688 2389 etiam
719 2325 897 2390 liberorum
927 2325 1099 2388 hominum
1129 2324 1253 2388 furtum
1281 2325 1359 2400 fies

176 2431 277 2496 veluti
293 2431 319 2493 si
337 2431 410 2512 quis
425 2430 601 2494 liberorum
618 2437 815 2508 nostrorum,
831 2431 886 2511 qui
906 2429 938 2492 in
963 2439 1130 2510 potestate
1149 2439 1261 2494 nostra
1276 2430 1327 2504 sit,

176 2536 352 2617 subreptus
377 2535 483 2598 suerit.
536 2533 730 2617 Aliquando
753 2543 866 2597 autem
890 2536 990 2598 etiam
1014 2554 1094 2598 suae
1117 2536 1162 2598 rei
1189 2537 1327 2616 quisque
1344 2547 1377 2603 10

175 2638 297 2702 furtum
314 2638 500 2715 committit,
515 2637 614 2702 veluti
632 2639 659 2702 si
672 2637 802 2702 debitor
815 2659 883 2702 rem
899 2659 1000 2721 quam
1013 2638 1164 2703 creditori
1181 2638 1326 2721 pignoris

177 2763 275 2808 causa
291 2744 384 2808 dedit
400 2743 611 2808 subtraxerit.

176 2998 282 3055 teneri:
301 3001 384 3068 furto,
400 3001 465 3055 ideo
478 3001 553 3070 quod
566 3019 623 3055 non
640 3001 729 3056 invito
746 3019 792 3056 me
809 3019 868 3057 rem
884 3001 1087 3057 contrectavit:
1107 3001 1179 3056 servi
1193 3001 1328 3070 corrupti,

176 3082 241 3136 ideo
254 3084 330 3154 quod
344 3082 466 3138 deterior
479 3101 575 3138 servus
588 3085 679 3138 sactus
692 3101 749 3138 non
763 3095 806 3138 est
819 3085 843 3138 :'
861 3085 919 3138 and
936 3084 992 3139 this
1005 3095 1157 3139 statement
1174 3083 1206 3138 os
1215 3085 1262 3138 the
1276 3083 1327 3137 law

177 3183 269 3220 seems
282 3184 369 3221 never
381 3177 410 3221 to
423 3167 496 3222 have
509 3168 581 3221 been
595 3167 763 3236 questioned
778 3167 816 3234 by
829 3167 877 3221 the
887 3167 993 3236 jurists.
1029 3166 1192 3236 Justinian's
1205 3181 1267 3218 own
1280 3183 1327 3219 en·

176 3259 301 3304 actment
314 3249 338 3304 is
353 3250 380 3304 in
396 3249 465 3304 Cod.
479 3249 505 3303 6.
520 3264 544 3303 2.
559 3265 601 3305 20.
639 3251 696 3304 For
708 3266 897 3304 concurrente
910 3248 942 3303 ol
957 3249 1067 3304 actions
1080 3265 1117 3302 on
1130 3248 1179 3303 the
1192 3264 1271 3302 same
1285 3259 1327 3302 set

176 3334 209 3388 os
217 3334 437 3388 circumstances
451 3349 499 3388 see
512 3332 567 3388 Tit.
582 3348 607 3402 9.
624 3348 633 3386 1
650 3332 699 3389 inf.

212 3415 268 3488 §s
287 3419 328 3472 As
347 3417 406 3472 free
424 3433 543 3486 persons
561 3417 624 3470 who
643 3416 727 3471 could
744 3417 781 3472 be
800 3417 901 3484 stolen,
914 3413 1028 3470 besides
1041 3412 1167 3469 children
1182 3411 1210 3466 in
1225 3429 1327 3482 power,

175 3502 264 3557 Gaius
278 3502 381 3572 speaks
394 3501 426 3554 ol
436 3499 520 3554 wives
534 3500 562 3554 in
575 3517 669 3568 manu,
685 3499 799 3554 iudicati
815 3499 967 3569 (insolvent
980 3498 1095 3553 debtors
1108 3497 1172 3550 who
1184 3496 1242 3550 had
1254 3495 1326 3550 been

174 3583 296 3652 addicti)
306 3585 364 3639 and
377 3583 456 3638 hired
468 3583 623 3652 gladiators
636 3581 819 3649 (auctorati):
839 3583 887 3636 the
901 3581 1010 3636 offence
1022 3581 1106 3635 could
1118 3580 1154 3634 be
1167 3579 1327 3650 proceeded

175 3669 286 3735 against
299 3667 457 3735 criminally
466 3667 555 3722 under
568 3668 616 3722 the
629 3669 674 3722 lex
688 3666 786 3734 Fabia,
795 3665 849 3720 Tit.
865 3667 903 3720 18.
918 3679 950 3718 ro
959 3663 1006 3719 inl.
1034 3663 1168 3719 Children
1182 3661 1210 3717 in
1224 3679 1325 3734 power,

176 3751 199 3804 il
208 3754 307 3820 stolen,
321 3770 393 3806 were
412 3751 565 3806 recovered
583 3752 622 3821 by
634 3749 796 3820 vindicatio,
813 3749 916 3818 Dig.6.
928 3763 950 3803 1.
962 3763 983 3803 r.
994 3763 1019 3814 2,
1032 3748 1168 3816 damages
1188 3746 1216 3801 in
1235 3747 1324 3801 which

175 3853 247 3890 were
267 3835 416 3890 estimated
433 3837 472 3904 by
489 3837 537 3890 the
556 3835 710 3906 pecuniary
728 3836 785 3890 loss
805 3833 895 3887 which
916 3833 965 3887 the
984 3841 1064 3902 pater
1077 3831 1134 3886 had
1152 3831 1282 3898 suffered,
1295 3834 1326 3884 τὸ

176 3919 301 3987 διάφερον
319 3920 467 3989 Τὴεορὴ.“ε
487 3919 521 3974 cf.
541 3919 595 3974 Tit.
619 3931 641 3988 5.
659 3935 668 3973 1
685 3918 732 3974 ins.
746 3918 799 3972 ‘ob
813 3916 958 3972 hominem
971 3915 1090 3972 liberum
1104 3953 1111 3968 .
1126 3957 1131 3970 .
1147 3925 1324 3985 ..quantum

177 4003 214 4056 ob
227 4019 291 4057 eam
304 4019 364 4056 rem
377 4019 499 4072 aequum
513 4001 597 4057 iudici
612 4002 738 4057 videtur!

212 4083 286 4155 510.
306 4085 390 4140 Thest
409 4086 442 4138 of
457 4101 475 4139 a
496 4103 542 4140 res
560 4103 687 4155 suawas
706 4103 739 4140 so
758 4101 929 4139 uncommon
949 4101 967 4138 a
984 4099 1050 4136 case
1069 4083 1130 4136 that
1150 4079 1178 4134 in
1199 4080 1325 4150 defining

175 4170 277 4224 lurtum
300 4170 348 4223 the
364 4168 461 4238 jurists
481 4169 557 4223 osten
577 4169 667 4240 forget
681 4179 710 4224 to
728 4169 794 4223 talre
810 4167 830 4222 it
850 4166 910 4221 into
928 4163 1151 4220 consideration:
1182 4160 1323 4233 §bsupm

175 4270 234 4308 rem
248 4252 369 4307 alienam
384 4271 389 4306 :
410 4252 445 4307 cf.
459 4252 589 4307 Sabinus'
599 4252 745 4307 definition
758 4251 787 4304 in
801 4251 873 4306 Gell.
888 4265 925 4304 11.
941 4252 971 4304 18
985 4249 1041 4304 and
1054 4248 1130 4302 Paul.
1145 4257 1216 4300 sent.
1228 4262 1283 4300 rec.
1298 4261 1323 4302 2.

175 4352 218 4405 31.
231 4353 240 4391 1
252 4336 327 4391 cited
337 4354 374 4391 on
386 4336 425 4406 (1)
437 4353 464 4406 p.
472 4350 526 4405 499
534 4353 608 4407 supr.
636 4337 739 4390 Paulus
750 4351 821 4390 even
834 4351 903 4403 goes
911 4350 944 4387 so
953 4333 996 4386 lar
1004 4349 1035 4387 as
1043 4343 1073 4386 to
1083 4347 1134 4399 say
1144 4329 1198 4383 ‘rei
1210 4339 1323 4384 nostrae

173 4421 278 4476 furtum
297 4420 390 4478 lacere
416 4437 472 4478 non
494 4421 662 4492 possumus'
682 4420 718 4476 ib.
740 4435 782 4476 21.
818 4421 864 4474 An
887 4435 981 4474 owner
1001 4415 1166 4472 committed
1190 4413 1261 4470 then
1285 4414 1321 4484 by
