3176 5022
214 290 280 364 374
420 280 568 337 INSTIT
571 280 626 336 UT
623 279 770 336 IONUM
786 277 908 335 LIBRI
926 276 1163 350 QUATTUOR.
1244 277 1307 344 [Lib.
1321 283 1366 334 ttt.

215 471 260 515 ex
281 447 344 514 hac
367 466 466 513 causa
489 447 577 510 bona
599 445 742 523 addicta,
756 452 863 508 cessat
883 443 1046 507 bonorum
1062 441 1229 507 venditio:
1253 440 1367 505 extitit

215 554 304 617 enim
334 551 480 616 defuncti
511 550 676 626 defensor,
704 557 737 613 et
767 548 902 631 quidem
933 548 1079 624 idoneus,
1104 547 1161 629 qui
1188 547 1231 610 de
1261 544 1366 609 solido

186 657 432 722 screditoribus
458 665 562 720 cavet.
617 653 772 736 Inprimis
797 652 861 717 hoc
888 652 1083 735 rescriptum
1107 651 1229 715 totiens
1256 651 1365 714 locum

214 761 325 838 habet,
343 759 495 842 quotiens
516 766 718 822 testamento
740 756 912 821 libertates
933 756 1032 820 datae
1055 763 1141 819 sunt.
1185 754 1265 838 quid
1289 774 1366 837 ergo

215 867 242 930 si
257 865 331 949 quis
354 865 530 929 intestatus
553 864 719 927 decedens
741 861 901 926 codicillis
923 861 1092 926 libertates
1115 859 1244 924 dederit
1259 878 1367 941 neque

215 971 307 1035 adita
333 969 376 1033 sit
400 969 444 1033 ab
470 969 628 1034 intestato
654 964 844 1031 hereditas?
874 967 966 1030 lavor
991 964 1237 1030 constitutionis
1267 964 1367 1028 debet

216 1075 325 1139 locum
348 1073 477 1138 habere.
523 1083 611 1137 certe
630 1073 657 1136 si
680 1081 822 1136 testatus
845 1072 985 1137 decedat
1008 1079 1042 1136 et
1064 1069 1223 1135 codicillis
1239 1069 1367 1133 dederit

185 1179 412 1255 ⁴tlibertatem,
434 1187 622 1262 competere
647 1197 721 1241 eam
748 1176 871 1239 nemini
898 1176 1038 1239 dubium
1064 1183 1124 1240 est.
1169 1175 1265 1239 Tunc
1291 1193 1368 1238 con·

216 1282 380 1347 stitutioni
407 1280 517 1345 locum
541 1301 613 1344 esse
638 1279 737 1344 verba
764 1279 954 1359 ostendunt,
980 1300 1056 1343 cum
1079 1299 1178 1343 nemo
1201 1297 1368 1342 successor

215 1387 258 1450 ab
291 1388 452 1450 intestato
485 1385 628 1450 existat:
666 1404 745 1466 ergo
780 1384 940 1468 quamdiu
975 1385 1136 1448 incertum
1173 1383 1225 1459 sit,
1257 1392 1368 1446 utrum

216 1492 341 1556 existat
361 1510 405 1554 an
427 1509 502 1568 non,
522 1490 662 1553 cessabit
685 1490 898 1556 constitutio:
929 1491 956 1553 si
979 1500 1104 1554 certum
1128 1509 1200 1554 esse
1223 1488 1369 1571 coeperit

187 1596 381 1667 5neminem
411 1605 538 1670 extare,
565 1603 644 1658 tunc
674 1597 735 1658 erit
769 1595 997 1659 constitutioni
1028 1595 1129 1659 locus.
1184 1591 1220 1658 Si
1251 1593 1287 1671 is,
1311 1593 1367 1676 qui

216 1701 249 1762 in
276 1697 443 1781 integrum
473 1698 600 1762 restitui
625 1707 744 1780 potest,
772 1698 933 1763 abstinuit
963 1720 999 1763 se
1028 1698 1071 1762 ab
1098 1697 1290 1776 hereditate,
1317 1717 1368 1774 an,

216 1803 367 1886 quamvis
400 1810 510 1885 potest
544 1803 578 1866 in
608 1803 775 1886 integrum
810 1805 948 1880 restitui,
976 1811 1089 1887 potest
1123 1803 1256 1866 admitti
1291 1822 1368 1867 con·

216 1907 346 1972 stitutio
368 1917 401 1971 et
421 1907 566 1971 addictio
589 1908 751 1971 bonorum
772 1907 863 1973 fieri?
893 1909 973 1991 quid
998 1929 1087 1990 ergo,
1105 1909 1133 1970 si
1156 1915 1233 1989 post
1255 1907 1368 1971 addic-

217 2011 342 2075 tionem
361 2011 551 2074 libertatum
575 2012 873 2076 conservandarum
895 2032 994 2076 causa
1016 2011 1138 2075 saetam
1155 2012 1188 2074 in
1204 2010 1368 2093 integrum

194 2117 261 2180 sit
288 2117 481 2180 restitutus?
507 2115 622 2198 utique
646 2136 712 2181 non
737 2117 798 2179 erit
820 2117 998 2181 dicendum
1023 2115 1167 2180 revocari
1190 2114 1368 2191 libertates,

187 2233 304 2303 oquae
319 2220 422 2284 semel
438 2221 689 2303 competierunt.
736 2221 831 2285 Haec
850 2222 1041 2286 constitutio
1064 2220 1254 2285 libertatum
1274 2227 1369 2283 tuen-

217 2325 334 2387 darum
364 2344 464 2388 causa
494 2325 682 2388 introducta
708 2333 778 2390 est:
814 2346 892 2408 ergo
918 2325 945 2388 si
972 2325 1141 2389 libertates
1167 2322 1277 2387 nullae
1304 2323 1370 2388 sint

218 2429 325 2506 datae,
342 2438 448 2493 cessat
471 2429 673 2494 constitutio.
717 2429 798 2512 quid
821 2451 908 2514 ergo,
924 2431 951 2495 si
968 2430 1060 2494 vivus
1083 2428 1177 2493 dedit
1199 2429 1370 2492 libertates

217 2532 270 2595 vel
294 2532 409 2596 mortis
431 2552 530 2596 causa
552 2543 594 2608 et,
610 2552 652 2595 ne
675 2532 718 2596 de
740 2533 803 2596 hoc
824 2544 1009 2615 quaeratur,
1030 2542 1139 2596 utrum
1163 2533 1197 2596 in
1219 2533 1369 2598 fraudem

218 2637 417 2700 creditorum
440 2657 483 2700 an
506 2657 572 2700 non
594 2636 718 2701 sactum
739 2637 790 2712 sit,
807 2638 928 2702 idcirco
943 2638 1046 2702 velint
1064 2639 1173 2702 addici
1194 2638 1258 2702 sibi
1273 2637 1369 2714 bona,

218 2760 261 2804 an
291 2741 447 2803 audiendi
477 2737 576 2804 sunt?
619 2749 654 2804 et
687 2741 792 2823 magis
823 2749 882 2818 est,
914 2752 951 2806 ut
984 2741 1089 2806 audiri
1123 2741 1276 2818 debeant,
1307 2739 1370 2805 etsi
1407 2796 1410 2800 .

218 2842 374 2906 deficiant
403 2843 503 2906 verba
533 2844 785 2908 constitutionis.
832 2843 900 2910 Sed
930 2866 1005 2910 curn
1042 2845 1164 2909 multas
1194 2845 1371 2909 divisiones

220 2947 381 3010 eiusmodi
405 2947 632 3011 constitutioni
656 2950 771 3012 deesse
798 2949 1038 3032 perspeximus,
1064 2949 1133 3013 lata
1159 2958 1209 3013 est
1231 2969 1251 3012 a
1275 2949 1371 3012 nobis

220 3049 411 3132 plenissima
429 3051 630 3125 constitutio,
648 3052 681 3114 in
699 3072 800 3134 quam
824 3053 948 3118 multae
971 3055 1099 3135 species
1120 3051 1261 3116 collatae
1283 3061 1370 3124 sunt,

219 3154 339 3237 quibus
362 3155 412 3218 ius
434 3154 623 3219 huiusmodi
647 3156 860 3246 successionis
883 3158 1111 3240 plenissimum
1131 3168 1181 3222 est
1197 3157 1371 3222 effectumt

219 3278 302 3340 quas
317 3278 361 3323 ex
377 3259 449 3342 ipsa
465 3257 606 3324 lectione
622 3261 866 3326 constitutionis
881 3271 991 3345 potest
1007 3262 1080 3344 quis
1095 3281 1301 3344 cognoscere.

755 3463 835 3527 XII.

295 3637 346 3686 DE
370 3636 681 3691 SUCCESSIONIBUS
705 3639 891 3704 SUBLATIS,
915 3639 1017 3702 QUAE
1041 3639 1205 3690 FIEBANT
1229 3641 1299 3690 PER

391 3740 574 3792 BONORUM
597 3741 865 3792 VENDITIONEM
891 3743 938 3792 ET
961 3743 1010 3792 EX
1035 3743 1205 3795 SENnTth

572 3845 767 3896 CONSULTO
790 3845 1019 3896 CLAUD1nN0.

265 3965 370 4032 Erant
400 3975 479 4033 ante
512 3970 715 4052 praedictam
753 3972 995 4036 successionem
1026 3970 1106 4035 olim
1137 3981 1171 4036 et
1200 3971 1286 4035 aliae
1314 3991 1374 4054 per

256 4173 314 4239 §5.
335 4173 391 4226 For
409 4171 438 4227 in
457 4171 597 4243 integrum
615 4173 754 4228 restitutio
776 4191 824 4230 see
847 4192 884 4230 on
904 4175 956 4229 Bk.
971 4175 1007 4231 iv.
1019 4175 1045 4230 6.
1059 4189 1093 4245 33
1107 4173 1157 4230 ini.
1203 4175 1266 4230 The
1285 4189 1371 4229 causa

220 4253 264 4309 ior
276 4255 324 4311 the
336 4256 476 4312 restitutio
489 4257 556 4310 here
569 4255 592 4310 is
605 4257 698 4311 minor
710 4268 798 4313 aetas.

267 4335 281 4408 ξ
295 4343 323 4395 t.
341 4339 507 4408 Justinian’s
520 4356 583 4394 own
596 4340 779 4397 constitution
793 4341 817 4396 is
830 4341 858 4396 in
873 4341 942 4396 Cod.
957 4354 982 4409 7.
996 4357 1021 4397 2.
1039 4355 1077 4412 ις.
1094 4342 1152 4398 1-6.

257 4424 317 4478 uit
329 4423 374 4476 12.
394 4423 451 4476 For
472 4423 521 4479 the
541 4432 648 4494 system
668 4423 700 4478 ol
716 4423 895 4496 bankruptcy
915 4424 1064 4481 execution
1084 4425 1113 4480 in
1135 4442 1186 4480 use
1211 4423 1301 4479 under
1324 4423 1372 4479 the
