3166 5022
248 320 312 389 272
449 314 599 370 INSTIT
601 313 656 369 UT
654 311 801 369 1011th
819 311 936 366 LIBRI
957 309 1193 384 QUATTUOR.
1290 313 1355 380 [Lib.
1365 319 1398 370 11.

246 489 304 544 aut
325 481 471 544 secundo
485 479 538 545 vel
557 479 658 544 etiam
679 477 832 542 ulteriore
848 478 953 560 gradu
976 475 1133 540 heredem
1152 475 1332 554 instituere,
1352 487 1397 556 ut,

248 585 275 649 si
298 585 514 648 creditoribus
534 585 616 648 satis
639 603 704 647 non
728 582 795 661 fiat,
812 583 923 667 potius
945 583 1015 645 eius
1036 580 1167 646 heredis
1188 583 1276 646 bona
1295 603 1396 666 quam

246 687 347 772 ipsius
359 689 526 753 testatoris
540 709 561 752 a
575 687 791 753 creditoribus
803 685 1095 770 possideanturvel
1110 686 1337 751 distrahantur
1344 687 1396 752 vel

245 791 402 857 intereos
417 793 613 857 dividantur.
647 813 707 875 pro
721 792 785 856 hoc
805 801 919 856 tamen
937 790 1148 855 incommodo
1163 789 1244 853 illud
1260 791 1290 854 ei
1306 809 1396 854 com-

247 897 383 960 modum
404 906 597 980 praestatur,
615 903 652 960 ut
675 915 723 970 ea,
739 916 825 978 quae
846 904 923 978 post
944 903 1085 958 mortem
1107 895 1238 978 patroni
1261 894 1311 960 sui
1334 895 1396 960 sibi

245 1001 444 1084 adquisierit,
467 1001 528 1084 ipsi
550 1008 773 1066 reserventur:
804 1008 838 1063 et
859 998 1011 1082 quamvis
1035 1019 1101 1062 non
1121 999 1287 1063 sufficiant
1308 999 1396 1064 bona

245 1104 391 1169 defuncti
414 1104 639 1182 creditoribus,
659 1103 779 1169 iterum
806 1123 850 1166 ex
876 1122 915 1166 ea
937 1123 1036 1167 causa
1060 1123 1111 1168 res
1135 1103 1214 1179 eius,
1228 1123 1311 1185 quas
1334 1103 1394 1168 sibi

215 1203 443 1292 2adquisierit,
469 1229 535 1272 non
558 1219 713 1274 veneunt.
768 1207 827 1273 Sui
854 1217 966 1271 autem
996 1217 1031 1272 et
1056 1208 1230 1274 necessarii
1256 1209 1394 1274 heredes

245 1323 321 1378 sunt
344 1311 445 1376 veluti
470 1311 556 1378 filius
583 1312 649 1376 filia
676 1332 780 1394 nepos
806 1313 980 1393 neptisque
1005 1332 1051 1375 ex
1080 1311 1149 1375 filio
1178 1321 1212 1375 et
1238 1313 1393 1396 deinceps

244 1418 343 1481 ceteri
369 1415 470 1494 liberi,
493 1417 549 1498 qui
566 1417 667 1480 modo
691 1417 723 1479 in
750 1425 916 1498 potestate
938 1415 1107 1480 morientis
1129 1414 1258 1494 fuerint,
1276 1417 1335 1480 sed
1358 1426 1394 1482 ut

244 1541 347 1604 nepos
374 1521 522 1604 neptisve
547 1521 596 1584 sui
622 1520 761 1584 heredes
784 1520 858 1597 sint,
885 1540 950 1583 non
975 1519 1095 1584 sufficit
1120 1540 1196 1582 eum
1222 1540 1338 1585 eamve
1361 1521 1393 1584 in

243 1633 409 1707 potestate
424 1626 476 1688 avi
492 1625 607 1690 mortis
622 1634 771 1709 tempore
786 1624 894 1702 fuisse,
908 1625 968 1688 sed
983 1645 1066 1708 opus
1087 1633 1146 1700 est,
1163 1633 1200 1687 ut
1215 1633 1310 1708 pater
1324 1627 1393 1692 eius

243 1728 317 1792 vivo
331 1738 425 1812 patre
444 1750 504 1794 suo
524 1729 657 1794 desierit
678 1751 756 1795 suus
776 1727 870 1794 heres
891 1749 963 1793 esse
982 1737 1041 1792 aut
1064 1737 1171 1792 morte
1192 1729 1393 1814 interceptus

243 1841 301 1896 aut
315 1833 463 1916 qualibet
478 1833 544 1897 alia
560 1835 685 1898 ratione
705 1833 863 1896 liberatus
877 1841 1065 1916 potestate:
1086 1843 1165 1897 tunc
1184 1833 1273 1896 enim
1289 1853 1392 1917 nepos

244 1938 393 2019 neptisve
408 1939 441 2000 in
458 1937 567 2002 locum
583 1937 684 2021 patris
700 1939 749 2003 sui
765 1937 923 2001 succedit.
963 1937 1022 2000 sed
1041 1937 1089 2000 sui
1105 1937 1239 2020 quidem
1255 1935 1392 2003 heredes

242 2039 319 2105 ideo
338 2041 554 2126 appellantur,
577 2043 655 2126 quia
675 2042 847 2107 domestici
866 2041 1005 2104 heredes
1028 2050 1106 2105 sunt
1124 2050 1158 2105 et
1173 2041 1248 2106 vivo
1262 2063 1391 2125 quoque

242 2154 335 2229 patre
356 2147 604 2230 quodammodo
624 2146 749 2211 domini
769 2145 1009 2209 existimantur.
1042 2146 1130 2209 unde
1151 2145 1260 2220 etiam,
1276 2146 1303 2210 si
1319 2145 1391 2229 quis

242 2359 394 2416 necessarii
407 2361 535 2430 heredes,
550 2360 693 2431 including
706 2362 766 2416 also
779 2379 797 2416 a
809 2360 867 2416 free
879 2377 982 2431 person
995 2359 1023 2414 in
1037 2359 1180 2430 mancipio
1196 2369 1227 2415 to
1238 2359 1306 2428 him,
1322 2359 1389 2428 who,

244 2443 380 2513 however,
394 2463 451 2500 was
468 2445 593 2514 entitled,
607 2443 663 2500 like
681 2445 733 2514 sui,
746 2455 776 2500 to
788 2446 837 2500 the
853 2443 1023 2500 beneficium
1040 2443 1210 2512 abstinendi,
1224 2443 1346 2498 referred
1361 2453 1390 2498 to

243 2525 272 2580 in
286 2525 300 2598 §
316 2527 393 2584 ainf.
413 2528 515 2598 (Gaius
534 2528 562 2583 ii.
585 2527 654 2597 160).
691 2530 732 2582 As
754 2545 874 2599 appears
898 2528 971 2582 from
995 2527 1052 2584 Tit.
1068 2539 1106 2597 15.
1124 2544 1165 2598 pr.
1179 2543 1263 2597 supr,
1288 2526 1309 2581 it
1334 2543 1389 2581 was

243 2613 324 2665 usual
336 2611 380 2666 for
397 2621 538 2680 testators,
551 2611 575 2665 if
584 2613 651 2682 they
663 2612 721 2666 had
739 2613 788 2667 the
806 2612 877 2666 least
895 2628 997 2666 reason
1010 2621 1040 2666 to
1057 2620 1171 2681 suspect
1184 2609 1257 2664 their
1273 2608 1389 2664 circum·

242 2702 355 2749 stances
368 2705 398 2750 to
415 2695 452 2750 be
469 2695 673 2762 embarrassed,
686 2705 716 2750 to
732 2695 849 2765 appoint
866 2711 920 2750 one
937 2711 970 2748 or
986 2711 1064 2750 more
1081 2693 1114 2748 of
1128 2693 1201 2749 their
1219 2711 1281 2748 own
1298 2694 1389 2749 slaves

242 2793 274 2832 as
287 2779 354 2832 final
373 2777 524 2848 substituti,
537 2779 668 2848 whereby
679 2779 747 2848 they
759 2796 831 2833 were
848 2777 936 2832 saved
950 2778 1026 2856 from
1043 2777 1182 2846 intestacy
1199 2777 1256 2832 and
1274 2779 1389 2848 posthu-

242 2877 323 2916 mous
342 2861 523 2932 insolvency:
542 2861 600 2916 and
618 2862 656 2931 by
668 2862 717 2916 the
735 2863 780 2917 lex
797 2861 879 2916 Aelia
892 2861 991 2916 Sentia
1009 2863 1058 2916 the
1076 2869 1279 2930 testamentary
1292 2877 1389 2916 mauu·

241 2944 360 3000 mission
373 2945 430 3001 and
450 2945 607 3001 institution
626 2945 659 2999 of
667 2963 685 3000 a
700 2945 777 3000 slave
789 2963 846 3000 was
865 2944 983 3000 allowed
996 2945 1039 2999 for
1055 2944 1112 2999 this
1130 2961 1252 3015 purpose
1270 2961 1342 2998 even
1360 2943 1388 2998 in

240 3029 369 3085 fraudem
388 3029 566 3097 creditorum,
585 3027 675 3084 Gaius
689 3028 706 3082 i.
720 3045 762 3096 21,
782 3029 853 3083 Cod.
865 3029 890 3083 6.
905 3042 946 3096 27.
961 3043 984 3083 2.
1024 3029 1125 3084 Under
1145 3027 1194 3083 the
1212 3027 1389 3098 bankruptcy

242 3123 348 3182 system
370 3114 461 3168 called
483 3111 609 3168 venditio
633 3113 771 3167 bonorum
795 3111 913 3181 (Poste’s
934 3111 1022 3167 Gaius
1035 3129 1063 3182 p.
1077 3125 1130 3180 340
1150 3111 1208 3166 and
1226 3110 1318 3178 notes)
1341 3111 1388 3166 the

240 3197 382 3268 bankrupt
403 3197 461 3252 had
480 3197 599 3252 become
618 3195 740 3265 infamis,
755 3196 805 3250 but
827 3195 855 3250 in
874 3195 1038 3266 Justinian's
1057 3195 1125 3250 time
1144 3195 1211 3264 only
1229 3193 1388 3249 fraudulent

241 3281 417 3353 bankruptcy
430 3281 565 3352 operated
584 3279 658 3336 thus.
694 3281 756 3334 The
775 3279 834 3335 first
853 3289 933 3349 stage
950 3279 979 3334 in
998 3279 1068 3334 such
1085 3278 1271 3349 proceedings
1285 3295 1342 3332 was
1359 3287 1388 3333 to

236 3365 337 3420 'obtain
351 3383 368 3420 a
381 3365 482 3420 decree
500 3365 572 3419 from
591 3365 640 3419 the
658 3373 771 3434 praetor
789 3364 821 3418 of
835 3363 933 3418 missio
952 3362 981 3418 in
1000 3362 1210 3433 possessionem
1227 3362 1386 3431 (bonorum)

240 3447 279 3502 rei
293 3448 449 3503 servandae
466 3465 570 3502 causa:
590 3447 746 3516 ultimately
758 3448 807 3502 the
825 3456 958 3517 property
971 3463 1028 3500 was
1044 3445 1107 3500 sold
1123 3445 1152 3500 in
1170 3445 1224 3500 lots
1239 3445 1386 3515 (bonorum

240 3531 394 3600 distractio,
412 3532 526 3586 whence
546 3531 738 3585 distrahantur
759 3529 787 3584 in
809 3531 858 3584 the
880 3531 949 3600 text)
971 3528 1028 3584 and
1047 3529 1095 3585 the
1115 3527 1253 3600 proceeds
1273 3527 1387 3582 divided

239 3629 345 3683 among
362 3614 410 3668 the
429 3613 565 3668 creditors
584 3612 737 3682 according
755 3623 784 3668 to
802 3612 876 3668 their
893 3613 1001 3684 proved
1019 3611 1136 3679 claims;
1155 3629 1203 3668 see
1223 3627 1261 3668 on
1284 3611 1335 3666 Bk.
1349 3609 1385 3666 iii.

242 3709 273 3752 12
287 3696 335 3751 inf.

275 3779 337 3834 The
355 3777 488 3849 privilege
507 3777 597 3833 which
616 3795 634 3834 a
652 3777 827 3834 necessarius
847 3779 929 3834 heres
949 3777 1070 3850 enjoyed
1089 3779 1121 3833 of
1135 3778 1221 3847 being
1239 3775 1324 3834 liable
1345 3777 1387 3833 for

239 3863 287 3919 the
301 3864 440 3918 testator’s
460 3863 542 3916 debts
562 3863 627 3932 only
640 3879 672 3916 so
691 3863 733 3917 far
751 3879 783 3917 as
802 3863 850 3918 the
869 3873 959 3917 estate
972 3872 1054 3932 went,
1068 3861 1091 3916 is
1110 3862 1202 3916 called
1218 3861 1386 3916 beneficium

239 3945 434 4018 separationis,
458 3945 543 4000 ‘item
568 3945 715 4001 sciendum
740 3956 782 4001 est
807 3945 999 4001 necessarium
1022 3945 1157 4001 heredem
1185 3962 1298 4000 servum
1322 3961 1386 4000 cum

238 4031 368 4086 libertate
393 4029 550 4084 institutum
573 4027 723 4099 impetrare
747 4045 832 4100 posse
857 4029 1073 4100 separationem,
1097 4028 1204 4084 scilicet
1226 4037 1264 4096 ut,
1285 4028 1309 4082 si
1329 4045 1385 4082 non

238 4113 362 4185 attigerit
381 4113 457 4168 bona
475 4112 594 4183 patroni,
608 4111 636 4166 in
649 4129 684 4167 ea
702 4129 789 4167 causa
801 4113 846 4182 sit,
859 4123 889 4170 ut
908 4113 934 4168 ei
951 4111 1085 4186 quicquid
1104 4123 1204 4184 postea
1221 4110 1385 4182 adquisierit

237 4209 391 4268 separetur,
404 4195 455 4251 sed
474 4207 501 4250 et
521 4195 543 4250 si
560 4195 628 4266 quid
645 4195 670 4250 ei
687 4213 704 4250 a
721 4205 855 4251 testatore
874 4197 1006 4251 debetur’
1021 4196 1086 4266 Dig.
1102 4215 1125 4249 a.
1138 4195 1164 4250 6.
1182 4209 1203 4248 1.
1220 4195 1259 4249 18.
1297 4193 1385 4249 Gaius
1415 4249 1418 4254 ,

238 4281 277 4352 (ii.
296 4279 355 4352 155)
369 4297 434 4351 says
447 4281 508 4334 that
521 4279 557 4335 he
570 4295 627 4334 was
640 4289 690 4334 not
703 4279 821 4334 entitled
833 4290 862 4334 to
874 4281 947 4350 keep
960 4281 1003 4335 for
1019 4279 1136 4336 himself
1144 4277 1282 4349 anything
1294 4275 1385 4332 which

238 4365 279 4420 ‘ei
293 4383 327 4420 ex
340 4363 509 4418 hereditaria
521 4381 608 4418 causa
620 4362 702 4418 fuerit
715 4363 905 4435 adquisitum.³

274 4449 331 4518 §a
360 4446 439 4502 With
463 4447 511 4504 the
536 4445 708 4520 description
730 4447 762 4502 of
772 4447 822 4526 ,sui
843 4464 876 4503 as
895 4445 1043 4503 domestici
1064 4445 1183 4504 heredes
1202 4445 1237 4504 cf.
1258 4444 1384 4512 Plautus,
