3176 5022
246 285 310 372 306
451 290 801 346 INSTITUTIONUM
819 287 939 344 LIBRI
957 285 1193 358 QUATTUOR.
1285 284 1350 351 [Lm.
1361 287 1395 338 11.

216 461 335 546 sapud
351 461 508 524 heredem
528 465 692 522 manente.
736 453 829 519 Nihil
850 461 963 517 autem
983 453 1128 528 interest,
1144 463 1255 518 utrum
1276 450 1395 535 aliquis

245 588 289 632 ex
307 586 381 630 asse
399 565 495 629 heres
517 564 688 628 institutus
707 570 766 624 aut
787 569 894 624 totam
916 559 1135 623 hereditatem
1150 569 1208 622 aut
1224 577 1284 640 pro
1300 567 1395 641 parte

245 673 417 736 restituere
443 678 585 752 rogatur,
612 687 655 730 an
681 687 724 730 ex
750 674 846 748 parte
874 663 970 728 heres
998 664 1167 727 institutus
1199 671 1258 728 aut
1287 673 1394 727 totam

247 796 320 840 eam
336 785 465 858 partem
481 783 538 838 aut
556 773 658 855 partis
678 779 807 854 partem
823 771 994 832 restituere
1012 779 1164 850 rogatur:
1187 788 1265 832 nam
1282 777 1316 831 et
1329 767 1394 832 hoc

247 900 325 944 casu
347 879 464 943 eadem
486 877 651 941 observari
673 873 901 956 praecipimus,
919 893 1006 955 quae
1026 872 1060 934 in
1081 873 1182 936 totius
1200 871 1394 936 hereditatis

216 985 454 1052 srestitutione
480 981 635 1046 diximus.
685 979 721 1044 Si
751 979 824 1062 quis
855 998 919 1040 una
948 977 1059 1060 aliqua
1089 997 1124 1040 re
1153 977 1297 1041 deducta
1326 977 1395 1040 sive

246 1097 432 1171 praecepta,
455 1107 541 1170 quae
566 1093 718 1169 quartam
749 1083 905 1157 continet,
930 1080 1031 1144 veluti
1057 1079 1160 1144 fundo
1185 1081 1238 1144 vel
1268 1080 1334 1146 alia
1360 1101 1395 1144 re

246 1201 381 1276 rogatus
396 1193 439 1256 sit
454 1191 625 1255 restituere
643 1188 874 1264 hereditatem,
891 1186 989 1250 simili
1010 1187 1110 1250 modo
1125 1206 1169 1250 ex
1184 1185 1394 1250 Trebelliano

245 1305 381 1360 senatus
407 1295 559 1360 consulto
586 1293 749 1357 restitutio
775 1292 843 1366 fiat,
871 1290 1008 1375 perinde
1033 1311 1072 1356 ac
1101 1291 1129 1354 si
1155 1301 1274 1374 quarta
1300 1300 1395 1372 parte

247 1409 374 1463 retenta
400 1409 535 1482 rogatus
565 1408 652 1461 esset
676 1397 835 1478 reliquam
862 1395 1081 1461 hereditatem
1106 1395 1288 1459 restituere.
1335 1393 1394 1457 sed

247 1501 327 1565 illud
356 1504 500 1580 interest,
526 1501 616 1584 quod
646 1499 751 1564 altero
787 1519 874 1578 casu,
898 1500 932 1564 id
965 1511 1016 1566 est
1047 1519 1122 1564 cum
1153 1498 1298 1562 deducta
1327 1498 1395 1560 sive

246 1616 424 1690 praecepta
449 1606 558 1688 aliqua
584 1625 619 1668 re
649 1605 830 1668 restituitur
854 1603 1030 1682 hereditas,
1054 1605 1087 1668 in
1113 1601 1256 1668 solidum
1284 1623 1328 1665 ex
1354 1621 1395 1665 eo

247 1721 381 1775 senatus
405 1709 555 1774 consulto
575 1708 721 1772 actiones
746 1707 985 1773 transferuntur
1007 1718 1042 1772 et
1065 1727 1117 1771 res
1139 1727 1225 1790 quae
1248 1716 1396 1770 remanet

249 1815 339 1898 apud
357 1813 514 1900 heredem
539 1814 609 1877 sine
633 1811 702 1876 ullo
726 1831 825 1876 onere
847 1813 1044 1878 hereditario
1068 1813 1157 1895 apud
1181 1831 1258 1875 eum
1282 1819 1395 1876 manet

247 1920 341 2002 quasi
366 1940 410 1982 ex
440 1918 551 2001 legato
582 1919 612 1980 ei
642 1918 815 2000 adquisita,
839 1919 943 1982 altero
966 1938 1043 1982 vero
1073 1937 1160 1993 casu,
1187 1915 1221 1979 id
1245 1925 1296 1980 est
1319 1935 1395 1979 cum

247 2035 365 2108 quarta
380 2033 475 2106 parte
493 2033 621 2088 retenta
639 2033 773 2104 rogatus
797 2032 848 2088 est
870 2022 964 2087 heres
985 2023 1156 2087 restituere
1176 2020 1395 2084 hereditatem

248 2140 282 2194 et
319 2130 470 2208 restituit,
500 2129 692 2193 scindantur
725 2129 872 2192 actiones
903 2139 937 2193 et
968 2148 1027 2210 pro
1065 2126 1228 2190 dodrante
1260 2125 1395 2207 quidem

246 2235 483 2300 transferantur
497 2234 539 2297 ad
559 2233 907 2309 fideicommissarium,
923 2253 983 2316 pro
1002 2231 1187 2314 quadrante
1204 2240 1396 2295 remaneant

248 2340 338 2420 apud
354 2337 520 2402 heredem.
564 2339 643 2421 quin
664 2339 764 2400 etiam
783 2336 861 2401 licet
881 2337 914 2400 in
935 2357 999 2399 una
1025 2357 1068 2407 re,
1085 2355 1151 2417 qua
1174 2335 1318 2398 deducta
1337 2344 1396 2399 aut

246 2453 424 2526 praecepta
446 2443 617 2507 restituere
634 2441 751 2524 aliquis
768 2441 989 2506 hereditatem
1012 2451 1146 2523 rogatus
1169 2449 1229 2516 est,
1248 2440 1396 2503 maxima

245 2568 323 2630 pars
346 2547 540 2612 hereditatis
564 2547 778 2624 contineatur,
798 2568 903 2630 aeque
929 2549 962 2610 in
986 2545 1128 2610 solidum
1159 2544 1397 2610 transferuntur

245 2651 394 2716 actiones
410 2663 444 2716 et
459 2672 570 2716 secum
585 2651 765 2715 deliberare
780 2651 882 2716 debet
902 2651 938 2727 is,
954 2653 1006 2715 cui
1027 2650 1208 2715 restituitur
1223 2649 1396 2726 hereditas,

246 2776 288 2820 an
312 2755 471 2837 expediat
493 2755 555 2818 sibi
577 2755 714 2819 restitui.
770 2757 891 2819 eadem¹
912 2755 1036 2820 scilicet
1065 2755 1286 2818 interveniunt
1311 2763 1344 2817 et
1368 2751 1395 2815 si

246 2859 376 2924 duabus
412 2859 600 2941 pluribusve
637 2858 734 2922 rebus
772 2860 922 2924 deductis
964 2858 1189 2942 praeceptisve
1226 2857 1396 2921 restituere

246 2963 465 3028 hereditatem
495 2973 629 3047 rogatus
658 2964 710 3028 sit.
765 2965 823 3027 sed
858 2975 892 3028 et
922 2965 948 3027 si
980 2973 1069 3028 certa
1094 2983 1224 3026 summa
1253 2961 1396 3026 deducta

246 3079 474 3150 praeceptave,
508 3087 595 3150 quae
631 3077 783 3150 quartam
818 3067 870 3132 vel
908 3069 1009 3132 etiam
1047 3051 1229 3130 maximam
1266 3074 1396 3146 partem

246 3171 439 3238 hereditatis
454 3173 610 3248 continet,
628 3183 763 3255 rogatus
783 3172 826 3237 sit
842 3173 959 3255 aliquis
979 3171 1197 3236 hereditatem
1214 3171 1395 3244 restituere,

247 3279 334 3342 idem
360 3279 437 3341 iuris
464 3289 522 3342 est.
567 3299 652 3360 quae
676 3277 822 3341 diximus
848 3279 891 3342 de
917 3299 957 3342 eo
981 3277 1038 3360 qui
1065 3297 1108 3339 ex
1135 3295 1208 3340 asse
1230 3275 1325 3338 heres
1348 3275 1395 3338 in·

247 3385 383 3448 stitutus
398 3394 456 3462 est,
472 3383 589 3448 eadem
605 3382 830 3448 transferimus
850 3394 885 3448 et
905 3383 948 3447 ad
971 3402 1046 3447 eum
1063 3382 1178 3464 quiex
1193 3390 1287 3464 parte
1302 3379 1396 3444 heres

247 3488 387 3571 scriptus
404 3498 462 3552 est.

285 3769 342 3842 §a
361 3769 431 3825 Tffis
446 3770 470 3824 is
490 3769 581 3825 called
599 3769 737 3825 institutio
756 3788 838 3825 exre
857 3781 943 3827 certa.
979 3771 1042 3825 The
1062 3771 1176 3840 general
1193 3769 1260 3838 rule,
1274 3769 1368 3824 where
1380 3785 1398 3822 a

248 3870 351 3926 person
362 3871 419 3908 was
432 3853 579 3909 instituted
591 3865 621 3908 to
634 3853 748 3924 specific
761 3865 894 3925 property
907 3855 982 3924 only,
994 3871 1053 3908 was
1065 3865 1095 3908 to
1107 3854 1173 3908 take
1186 3853 1234 3908 the
1247 3851 1396 3906 limitation

248 3957 280 3995 as
300 3956 351 4009 pro
372 3955 430 3993 non
449 3937 571 4008 scripto:
593 3937 632 3992 ‘si
653 3956 688 3993 ex
709 3938 798 3992 fundo
820 3938 920 3994 fuisset
941 3937 1041 4009 aliquis
1061 3939 1139 3992 solus·
1157 3936 1309 4001 institutus,
1322 3935 1396 3990 valet

248 4021 386 4079 institutio
408 4022 535 4078 detracta
556 4021 635 4076 fundi
653 4021 813 4077 mentione’
832 4021 898 4092 Dig.
912 4023 954 4077 28.
970 4035 991 4091 5.
1010 4037 1031 4076 1.
1044 4035 1069 4090 4,
1089 4021 1172 4076 ‘licet
1191 4021 1220 4074 in
1242 4036 1277 4074 eo
1300 4017 1396 4090 [testa-

247 4105 356 4177 mento]
379 4116 518 4162 certarum
540 4124 632 4160 rerum
653 4107 735 4160 heres
756 4106 877 4177 scriptus
896 4117 948 4174 est,
967 4105 1084 4176 perinde
1096 4105 1190 4159 valere
1208 4121 1242 4158 ac
1261 4103 1284 4158 si
1303 4118 1396 4158 rerum

247 4191 354 4246 mentio
367 4191 442 4246 facta
455 4207 511 4244 non
524 4191 615 4245 esset’
629 4189 695 4259 Dig.
709 4189 750 4258 36.
767 4205 789 4244 1.
803 4204 845 4257 30.
884 4191 916 4256 ll,
929 4191 1068 4256 however,
1081 4189 1102 4242 it
1116 4206 1173 4242 was
1187 4189 1262 4242 clear
1274 4187 1335 4241 that
1349 4185 1396 4240 the

247 4283 366 4330 testator
378 4285 474 4329 meant
487 4291 567 4329 some
579 4291 634 4328 one
647 4273 705 4328 else
717 4283 747 4327 to
760 4273 826 4328 take
840 4274 889 4327 the
902 4272 1022 4341 residue,
1035 4273 1083 4326 the
1099 4270 1237 4326 intention
1252 4269 1344 4324 would
1359 4268 1395 4322 be

248 4358 393 4428 executed,
406 4375 438 4412 as
457 4357 486 4411 in
504 4359 553 4413 the
572 4375 637 4412 ease
656 4357 690 4411 of
704 4373 741 4411 an
760 4373 874 4426 express
892 4355 1142 4411 fideicommissum
1155 4354 1252 4410 before
1265 4370 1316 4408 us:
1335 4368 1397 4406 ora

248 4441 499 4498 fideicommissum
508 4441 601 4497 would
610 4441 646 4497 be
657 4440 773 4512 implied
785 4441 814 4496 in
826 4441 925 4496 favour
937 4441 970 4496 of
978 4441 1026 4496 the
1037 4439 1169 4496 intestate
1178 4437 1254 4494 heirs
1265 4437 1343 4508 (Dig.
1353 4451 1394 4507 31.
