3176 5022
214 343 266 391 nt.
279 335 331 406 25.]
623 337 684 392 oe
707 335 948 394 conicum.
1298 347 1361 414 309

213 511 479 576 aestimationem
517 513 586 576 eius
622 512 758 577 solvere.
814 512 967 578 Libertas
1003 533 1136 597 quoque
1173 533 1267 578 servo
1303 517 1392 596 per2

214 613 505 681 fideicommissum
535 617 605 681 dari
635 628 755 700 potest.
782 629 821 683 ut
849 617 944 682 heres
978 639 1054 682 eum
1084 628 1218 703 rogetur
1246 639 1363 686 manu-

215 720 347 784 mittere
372 721 425 784 vel
459 721 635 804 legatarius
659 722 713 785 vel
742 721 1071 787 fideicommissarius.
1124 743 1185 788 nec
1216 723 1361 800 interest,

214 833 324 886 utmm
340 825 383 889 de
398 845 458 888 suo
474 825 606 907 proprio
628 845 723 889 servo
742 835 881 891 testator
897 835 998 908 roget,
1015 839 1057 890 'an
1076 827 1118 890 de
1134 847 1174 890 eo
1189 828 1244 911 qui
1261 826 1362 911 ipsius

214 925 343 991 heredis
362 939 421 992 aut
446 927 595 1011 legatarii
618 928 671 992 vel
696 930 796 994 etiam
824 930 973 994 extranei
999 931 1052 994 sit.
1106 931 1217 1013 itaque
1235 931 1362 995 alienus

214 1051 326 1096 servus
341 1034 457 1096 redimi
473 1044 508 1099 et
524 1035 710 1098 manumitti
730 1035 850 1100 debet:
870 1035 960 1117 quod
984 1035 1011 1098 si
1034 1037 1188 1100 dominus
1203 1056 1279 1099 eum
1295 1055 1362 1098 non

213 1137 346 1210 vendat,
369 1137 396 1199 si
418 1138 519 1201 modo
541 1137 622 1201 nihil
645 1158 689 1201 ex
711 1139 831 1203 iudicio
854 1140 923 1202 eius
944 1138 1000 1222 qui
1022 1137 1153 1222 reliquit
1175 1139 1361 1203 libertatem

214 1241 370 1322 percepit,
386 1261 452 1304 non
467 1242 581 1306 statim
600 1243 806 1326 extinguitur
819 1243 1120 1307 fideicommissario
1141 1243 1285 1318 libertas,
1302 1243 1361 1307 sed

214 1343 372 1421 differtur,
388 1346 466 1428 quia
487 1347 592 1430 possit
611 1337 761 1430 ternpore
783 1347 990 1430 procedente,
1013 1347 1212 1430 ubicumque
1234 1346 1363 1410 occasio

215 1447 397 1512 redimendi
433 1451 517 1514 servi
547 1449 653 1526 fuerit,
691 1451 848 1533 praestari
878 1451 1022 1515 libertae.
1079 1451 1135 1533 qui
1170 1460 1283 1515 autem
1318 1471 1362 1514 ex

214 1571 313 1616 causa
335 1552 580 1617 fideicommissi
601 1555 853 1633 manumittitur,
877 1575 943 1619 non
967 1555 1135 1619 testatoris
1156 1553 1194 1618 fit
1216 1553 1362 1633 libertus,

215 1657 343 1719 etiamsi
367 1659 534 1721 testatoris
558 1678 668 1722 servus
694 1659 745 1738 sit,
767 1661 826 1722 sed
849 1659 919 1723 eius
939 1659 996 1741 qui
1021 1658 1244 1722 manumittit:
1268 1667 1304 1721 at
1325 1657 1361 1730 is,

213 1761 269 1844 qui
293 1762 417 1826 directo
440 1772 641 1826 testamento
661 1762 744 1826 liber
766 1785 837 1827 esse
859 1764 998 1839 iubetur,
1015 1763 1115 1846 ipsius
1138 1763 1306 1828 testatoris
1324 1761 1363 1826 fit

214 1865 358 1942 libertus,
373 1867 430 1949 qui
446 1867 547 1930 etiarn
563 1869 691 1932 orcinus
712 1867 908 1950 appellatur.
954 1888 1014 1931 nec
1030 1867 1114 1932 alius
1130 1865 1216 1930 ullus
1230 1867 1356 1932 directo

215 1989 259 2033 ex
286 1976 485 2034 testamento
511 1969 698 2035 libertatern
724 1971 846 2035 habere
872 1979 992 2054 potest,
1014 1991 1114 2053 quam
1139 1970 1195 2052 qui
1222 1979 1362 2052 utroque

214 2085 364 2158 ternpore
384 2077 551 2140 testatoris
570 2076 678 2152 luerit,
694 2087 727 2141 et
748 2099 815 2160 quo
837 2077 959 2140 faceret
981 2085 1218 2140 testamentum
1239 2083 1273 2139 et
1295 2095 1362 2156 quo

215 2189 404 2244 moreretur.
458 2181 583 2245 directo
609 2191 721 2246 autem
752 2181 886 2246 libertas
915 2190 993 2244 tunc
1023 2181 1093 2244 dari
1123 2180 1260 2258 videtur,
1286 2199 1361 2242 curn

213 2305 280 2348 non
319 2285 363 2348 ab
396 2285 462 2349 alio
498 2307 627 2350 servum
659 2287 847 2350 manumitti
878 2295 981 2368 rogat,
1010 2287 1069 2350 sed
1099 2284 1190 2348 velut
1223 2305 1267 2348 ex
1300 2305 1362 2347 suo

213 2399 414 2454 testamento
448 2389 636 2454 libertatem
674 2391 704 2454 ei
741 2401 930 2473 competere
963 2389 1044 2453 vult.
1097 2387 1211 2454 Verba
1248 2393 1392 2453 autem3

213 2491 540 2557 fideicommissorum
556 2493 638 2558 haec
657 2495 804 2558 maxime
820 2496 852 2559 in
868 2515 928 2558 usu
944 2493 1143 2558 habeantur=
1166 2500 1255 2574 peto,
1271 2511 1361 2574 rogo,

212 2597 298 2674 volo,
330 2599 462 2674 mand0,
495 2597 573 2663 fidei
603 2609 680 2663 tuae
713 2599 896 2664 committo.
952 2619 1038 2681 quae
1067 2597 1203 2682 perinde
1232 2595 1361 2681 singula

212 2702 308 2766 firma
330 2713 415 2782 sunt,
432 2713 533 2787 atque
555 2703 582 2767 si
604 2705 715 2768 omnia
738 2705 771 2768 in
794 2725 897 2768 unum
920 2712 1078 2788 congesta
1101 2711 1219 2767 essent.

731 2913 843 2978 XXV.

639 3081 690 3132 DE
716 3081 935 3132 CODICILLIS.

256 3222 350 3287 Ante
365 3221 511 3306 Augusti
532 3231 684 3306 tempora
707 3233 838 3288 constat
860 3225 910 3288 ius
932 3223 1156 3288 codicillorum
1172 3242 1237 3286 non
1253 3221 1361 3301 luisse,

211 3329 272 3392 sed
298 3327 423 3410 primus
446 3327 568 3392 Lucius
592 3327 763 3404 Lentulus
787 3348 831 3390 ex
856 3329 947 3392 cuius
975 3347 1116 3410 persona
1141 3326 1243 3392 etiam
1269 3325 1362 3389 fidei·

212 3433 388 3496 commissa
413 3443 598 3516 coeperunt,
627 3432 796 3497 codicillos
823 3432 1016 3496 introduxit.
1060 3451 1139 3495 nam
1164 3451 1241 3495 cum
1265 3431 1362 3494 dece-

211 3537 305 3602 deret
333 3539 367 3602 in
391 3535 514 3613 Africa,
540 3537 668 3620 scripsit
705 3536 872 3602 codicillos
908 3545 1110 3601 testamento
1138 3534 1360 3612 confirmatos,

211 3727 355 3798 queathed
366 3736 397 3781 to
409 3744 427 3782 a
439 3743 536 3781 servus
549 3726 657 3782 alienus
670 3727 719 3782 the
732 3737 838 3782 master
850 3727 933 3782 could
946 3735 996 3782 not
1008 3727 1101 3781 reiuse
1113 3735 1144 3781 to
1156 3725 1208 3780 sell
1220 3723 1280 3779 him
1292 3725 1317 3779 if
1326 3725 1362 3779 he

211 3811 269 3867 had
282 3811 368 3866 taken
386 3827 443 3880 any
455 3811 560 3866 benerit
575 3811 614 3880 by
626 3811 675 3866 the
691 3813 832 3867 testator’s
852 3811 981 3878 decease,
995 3811 1066 3866 Cod.
1079 3809 1104 3864 6.
1120 3822 1161 3880 50.
1177 3824 1217 3878 13,
1238 3808 1304 3878 Dig.
1317 3823 1360 3876 40.

213 3907 237 3965 5.
253 3909 292 3963 19
309 3909 332 3949 1.
370 3893 409 3964 (2)
430 3895 478 3948 No
491 3893 742 3949 fideicommissum
759 3896 844 3950 could
856 3896 892 3951 be
905 3893 1150 3965 validlyimposed
1163 3909 1200 3947 on
1217 3893 1265 3947 the
1279 3891 1361 3962 ‘legi-

210 3977 281 4032 tima
293 3979 375 4049 pars'
389 3977 458 4032 Cod.
474 3992 498 4046 3.
512 3979 553 4033 28.
568 3992 621 4046 32;
639 3977 677 4034 ib.
691 3979 733 4048 36.
744 3996 785 4050 pr.
799 3979 857 4034 and
873 3994 896 4034 1.

248 4059 305 4132 52.
326 4063 381 4118 See
397 4061 552 4132 preceding
568 4072 643 4118 note.
682 4064 716 4118 ln
730 4063 827 4118 Gaius’
840 4062 908 4118 time
921 4063 969 4117 the
986 4061 1089 4116 refirsal
1102 4059 1136 4115 oi
1147 4060 1196 4114 the
1213 4067 1320 4113 master
1331 4067 1361 4113 to

211 4145 263 4200 seli
280 4162 298 4199 a
316 4144 394 4199 slave
406 4155 436 4199 to
449 4145 543 4199 whom
560 4163 577 4200 a
593 4155 713 4201 testator
724 4147 782 4202 had
798 4145 978 4217 bequeathed
990 4145 1118 4200 freedom
1136 4144 1175 4211 by
1186 4159 1204 4197 a
1216 4141 1360 4197 fideicom-

210 4227 330 4284 missum
343 4228 401 4283 had
412 4228 486 4283 been
499 4229 567 4284 fatal
579 4239 609 4284 to
626 4230 674 4285 the
687 4229 874 4300 disposition:
894 4229 934 4284 ‘si
948 4228 1079 4283 dominus
1097 4243 1162 4282 eum
1177 4243 1234 4280 non
1247 4225 1360 4294 vendat,

210 4329 280 4368 sane
298 4311 470 4382 extinguitur
488 4311 612 4384 libertas,
626 4312 692 4386 quia
711 4331 762 4384 pro
781 4313 911 4368 libertate
929 4310 1012 4383 pretii
1032 4309 1206 4382 computatio
1224 4310 1302 4364 nulla
1320 4307 1361 4363 in-

210 4394 347 4452 tervenit’
358 4395 386 4450 ii.
399 4397 459 4466 265.

244 4482 305 4535 'ne
319 4482 420 4537 m.
440 4481 536 4538 When
548 4481 609 4538 first
621 4479 787 4552 recognised
800 4497 832 4536 as
844 4477 964 4550 binding
976 4477 1067 4535 under
1078 4479 1232 4548 Augustus,
1241 4471 1361 4532 codicilli
