<?xml version="1.0" encoding="UTF-8"?>
<!DOCTYPE html PUBLIC "-//W3C//DTD XHTML 1.0 Transitional//EN"
    "http://www.w3.org/TR/xhtml1/DTD/xhtml1-transitional.dtd">
<html xmlns="http://www.w3.org/1999/xhtml" xml:lang="en" lang="en">
 <head>
  <title>
</title>
<meta http-equiv="Content-Type" content="text/html;charset=utf-8" />
  <meta name='ocr-system' content='tesseract 3.04.00' />
  <meta name='ocr-capabilities' content='ocr_page ocr_carea ocr_par ocr_line ocrx_word'/>
</head>
<body>
  <div class='ocr_page' id='page_1' title='image "./imperatorisiust00moylgoog_0353.png"; bbox 0 0 3176 5022; ppageno 0'>
   <div class='ocr_carea' id='block_1_1' title="bbox 231 311 1383 399">
    <p class='ocr_par' dir='ltr' id='par_1_1' title="bbox 231 311 1383 399">
     <span class='ocr_line' id='line_1_1' title="bbox 231 311 1383 399; baseline 0.001 -23"><span class='ocrx_word' id='word_1_1' title='bbox 231 311 295 399; x_wconf 83' lang='lat'>338</span> <span class='ocrx_word' id='word_1_2' title='bbox 437 316 789 376; x_wconf 75' lang='lat' dir='ltr'>rrrsrrrurronun</span> <span class='ocrx_word' id='word_1_3' title='bbox 806 315 927 372; x_wconf 76' lang='lat' dir='ltr'>uram</span> <span class='ocrx_word' id='word_1_4' title='bbox 945 315 1181 389; x_wconf 77' lang='lat' dir='ltr'>Qunrruon.</span> <span class='ocrx_word' id='word_1_5' title='bbox 1257 321 1383 388; x_wconf 73' lang='lat' dir='ltr'>[mm.</span> 
     </span>
    </p>
   </div>
   <div class='ocr_carea' id='block_1_2' title="bbox 5 479 1388 3586">
    <p class='ocr_par' dir='ltr' id='par_1_2' title="bbox 5 479 1388 3586">
     <span class='ocr_line' id='line_1_2' title="bbox 235 479 1382 569; baseline 0 -21"><span class='ocrx_word' id='word_1_6' title='bbox 235 483 438 569; x_wconf 86' lang='lat' dir='ltr'>procedente</span> <span class='ocrx_word' id='word_1_7' title='bbox 459 483 560 550; x_wconf 89' lang='lat' dir='ltr'>etiam</span> <span class='ocrx_word' id='word_1_8' title='bbox 582 479 741 566; x_wconf 80' lang='lat' dir='ltr'>nuptialia</span> <span class='ocrx_word' id='word_1_9' title='bbox 760 480 979 548; x_wconf 90' lang='lat' dir='ltr'>instrumenta</span> <span class='ocrx_word' id='word_1_10' title='bbox 1000 501 1076 547; x_wconf 90' lang='lat' dir='ltr'>cum</span> <span class='ocrx_word' id='word_1_11' title='bbox 1097 503 1136 549; x_wconf 87' lang='lat' dir='ltr'>ea</span> <span class='ocrx_word' id='word_1_12' title='bbox 1154 481 1266 548; x_wconf 87' lang='lat' dir='ltr'>lecerit</span> <span class='ocrx_word' id='word_1_13' title='bbox 1281 483 1382 548; x_wconf 89' lang='lat' dir='ltr'>filios·</span> 
     </span>
     <span class='ocr_line' id='line_1_3' title="bbox 237 585 1383 674; baseline -0.003 -19"><span class='ocrx_word' id='word_1_14' title='bbox 237 611 303 674; x_wconf 92' lang='lat' dir='ltr'>que</span> <span class='ocrx_word' id='word_1_15' title='bbox 317 589 371 655; x_wconf 88' lang='lat' dir='ltr'>vel</span> <span class='ocrx_word' id='word_1_16' title='bbox 385 589 470 654; x_wconf 89' lang='lat' dir='ltr'>filias</span> <span class='ocrx_word' id='word_1_17' title='bbox 484 588 656 654; x_wconf 85' lang='lat' dir='ltr'>habuerit:</span> <span class='ocrx_word' id='word_1_18' title='bbox 678 606 744 652; x_wconf 91' lang='lat' dir='ltr'>non</span> <span class='ocrx_word' id='word_1_19' title='bbox 759 585 866 650; x_wconf 92' lang='lat' dir='ltr'>solum</span> <span class='ocrx_word' id='word_1_20' title='bbox 879 607 939 652; x_wconf 88' lang='lat' dir='ltr'>eos</span> <span class='ocrx_word' id='word_1_21' title='bbox 960 586 1089 665; x_wconf 91' lang='lat' dir='ltr'>liberos,</span> <span class='ocrx_word' id='word_1_22' title='bbox 1105 589 1160 672; x_wconf 91' lang='lat' dir='ltr'>qui</span> <span class='ocrx_word' id='word_1_23' title='bbox 1176 598 1252 672; x_wconf 92' lang='lat' dir='ltr'>post</span> <span class='ocrx_word' id='word_1_24' title='bbox 1268 589 1383 652; x_wconf 90' lang='lat' dir='ltr'>dotem</span> 
     </span>
     <span class='ocr_line' id='line_1_4' title="bbox 236 691 1382 777; baseline -0.003 -18"><span class='ocrx_word' id='word_1_25' title='bbox 236 694 317 759; x_wconf 89' lang='lat' dir='ltr'>editi</span> <span class='ocrx_word' id='word_1_26' title='bbox 347 703 433 771; x_wconf 91' lang='lat' dir='ltr'>sunt,</span> <span class='ocrx_word' id='word_1_27' title='bbox 463 693 567 759; x_wconf 91' lang='lat' dir='ltr'>iustos</span> <span class='ocrx_word' id='word_1_28' title='bbox 596 702 631 758; x_wconf 91' lang='lat' dir='ltr'>et</span> <span class='ocrx_word' id='word_1_29' title='bbox 659 691 693 757; x_wconf 88' lang='lat' dir='ltr'>in</span> <span class='ocrx_word' id='word_1_30' title='bbox 721 699 891 777; x_wconf 83' lang='lat' dir='ltr'><strong>potestate</strong></span> <span class='ocrx_word' id='word_1_31' title='bbox 916 711 988 756; x_wconf 91' lang='lat' dir='ltr'>esse</span> <span class='ocrx_word' id='word_1_32' title='bbox 1011 693 1167 776; x_wconf 89' lang='lat' dir='ltr'>patribus,</span> <span class='ocrx_word' id='word_1_33' title='bbox 1190 693 1250 758; x_wconf 88' lang='lat' dir='ltr'>sed</span> <span class='ocrx_word' id='word_1_34' title='bbox 1280 692 1382 756; x_wconf 88' lang='lat' dir='ltr'>etiam</span> 
     </span>
     <span class='ocr_line' id='line_1_5' title="bbox 233 796 1382 881; baseline -0.003 -18"><span class='ocrx_word' id='word_1_35' title='bbox 233 799 423 876; x_wconf 88' lang='lat' dir='ltr'>anteriores,</span> <span class='ocrx_word' id='word_1_36' title='bbox 440 797 496 881; x_wconf 91' lang='lat' dir='ltr'>qui</span> <span class='ocrx_word' id='word_1_37' title='bbox 512 798 552 863; x_wconf 86' lang='lat' dir='ltr'>et’</span> <span class='ocrx_word' id='word_1_38' title='bbox 561 796 612 862; x_wconf 92' lang='lat' dir='ltr'>his</span> <span class='ocrx_word' id='word_1_39' title='bbox 627 796 683 881; x_wconf 90' lang='lat' dir='ltr'>qui</span> <span class='ocrx_word' id='word_1_40' title='bbox 698 805 817 880; x_wconf 91' lang='lat' dir='ltr'>postea</span> <span class='ocrx_word' id='word_1_41' title='bbox 840 797 910 862; x_wconf 88' lang='lat' dir='ltr'>nati</span> <span class='ocrx_word' id='word_1_42' title='bbox 928 805 1004 861; x_wconf 91' lang='lat' dir='ltr'>sunt</span> <span class='ocrx_word' id='word_1_43' title='bbox 1021 797 1228 862; x_wconf 89' lang='lat' dir='ltr'>occasionem</span> <span class='ocrx_word' id='word_1_44' title='bbox 1243 796 1382 880; x_wconf 84' lang='lat' dir='ltr'>legitimi</span> 
     </span>
     <span class='ocr_line' id='line_1_6' title="bbox 233 899 1382 985; baseline -0.002 -19"><span class='ocrx_word' id='word_1_45' title='bbox 233 902 376 966; x_wconf 89' lang='lat' dir='ltr'>nominis</span> <span class='ocrx_word' id='word_1_46' title='bbox 398 902 654 985; x_wconf 89' lang='lat' dir='ltr'>praestiterunt:</span> <span class='ocrx_word' id='word_1_47' title='bbox 676 901 767 985; x_wconf 92' lang='lat' dir='ltr'>quod</span> <span class='ocrx_word' id='word_1_48' title='bbox 789 899 940 982; x_wconf 86' lang='lat' dir='ltr'>optinere</span> <span class='ocrx_word' id='word_1_49' title='bbox 962 900 1156 979; x_wconf 89' lang='lat' dir='ltr'>censuimus,</span> <span class='ocrx_word' id='word_1_50' title='bbox 1171 899 1300 965; x_wconf 89' lang='lat' dir='ltr'>etiamsi</span> <span class='ocrx_word' id='word_1_51' title='bbox 1315 920 1382 964; x_wconf 92' lang='lat' dir='ltr'>non</span> 
     </span>
     <span class='ocr_line' id='line_1_7' title="bbox 232 1003 1383 1090; baseline -0.003 -20"><span class='ocrx_word' id='word_1_52' title='bbox 232 1007 396 1090; x_wconf 87' lang='lat' dir='ltr'>progeniti</span> <span class='ocrx_word' id='word_1_53' title='bbox 420 1005 542 1072; x_wconf 85' lang='lat' dir='ltr'>suerint</span> <span class='ocrx_word' id='word_1_54' title='bbox 561 1014 638 1089; x_wconf 91' lang='lat' dir='ltr'>post</span> <span class='ocrx_word' id='word_1_55' title='bbox 661 1003 774 1069; x_wconf 84' lang='lat' dir='ltr'>dotale</span> <span class='ocrx_word' id='word_1_56' title='bbox 797 1004 1052 1068; x_wconf 89' lang='lat' dir='ltr'>instrumentum</span> <span class='ocrx_word' id='word_1_57' title='bbox 1078 1003 1264 1070; x_wconf 88' lang='lat' dir='ltr'>conlectum</span> <span class='ocrx_word' id='word_1_58' title='bbox 1288 1003 1383 1068; x_wconf 91' lang='lat' dir='ltr'>liberi</span> 
     </span>
     <span class='ocr_line' id='line_1_8' title="bbox 232 1107 1382 1176; baseline -0.005 0"><span class='ocrx_word' id='word_1_59' title='bbox 232 1110 286 1176; x_wconf 90' lang='lat' dir='ltr'>vel</span> <span class='ocrx_word' id='word_1_60' title='bbox 313 1109 415 1174; x_wconf 92' lang='lat' dir='ltr'>etiam</span> <span class='ocrx_word' id='word_1_61' title='bbox 445 1109 515 1174; x_wconf 90' lang='lat' dir='ltr'>nati</span> <span class='ocrx_word' id='word_1_62' title='bbox 545 1109 588 1174; x_wconf 92' lang='lat' dir='ltr'>ab</span> <span class='ocrx_word' id='word_1_63' title='bbox 615 1108 678 1174; x_wconf 89' lang='lat' dir='ltr'>hac</span> <span class='ocrx_word' id='word_1_64' title='bbox 707 1107 781 1173; x_wconf 90' lang='lat' dir='ltr'>luce</span> <span class='ocrx_word' id='word_1_65' title='bbox 806 1107 966 1172; x_wconf 87' lang='lat' dir='ltr'>subtracti</span> <span class='ocrx_word' id='word_1_66' title='bbox 994 1107 1125 1174; x_wconf 81' lang='lat' dir='ltr'>fuerint.</span> <span class='ocrx_word' id='word_1_67' title='bbox 1171 1107 1224 1172; x_wconf 92' lang='lat' dir='ltr'>Ita</span> <span class='ocrx_word' id='word_1_68' title='bbox 1247 1108 1382 1172; x_wconf 91' lang='lat' dir='ltr'>demum</span> 
     </span>
     <span class='ocr_line' id='line_1_9' title="bbox 232 1210 1383 1296; baseline -0.004 -17"><span class='ocrx_word' id='word_1_69' title='bbox 232 1221 347 1279; x_wconf 91' lang='lat' dir='ltr'>tamen</span> <span class='ocrx_word' id='word_1_70' title='bbox 369 1233 472 1296; x_wconf 91' lang='lat' dir='ltr'>nepos</span> <span class='ocrx_word' id='word_1_71' title='bbox 494 1213 645 1296; x_wconf 83' lang='lat' dir='ltr'>neptisve</span> <span class='ocrx_word' id='word_1_72' title='bbox 667 1219 701 1276; x_wconf 88' lang='lat' dir='ltr'>et</span> <span class='ocrx_word' id='word_1_73' title='bbox 722 1231 886 1294; x_wconf 90' lang='lat' dir='ltr'>pronepos</span> <span class='ocrx_word' id='word_1_74' title='bbox 908 1213 1120 1294; x_wconf 86' lang='lat' dir='ltr'>proneptisve</span> <span class='ocrx_word' id='word_1_75' title='bbox 1137 1231 1270 1276; x_wconf 91' lang='lat' dir='ltr'>suorum</span> <span class='ocrx_word' id='word_1_76' title='bbox 1290 1210 1383 1275; x_wconf 85' lang='lat' dir='ltr'>here·</span> 
     </span>
     <span class='ocr_line' id='line_1_10' title="bbox 232 1315 1383 1398; baseline -0.003 -16"><span class='ocrx_word' id='word_1_77' title='bbox 232 1319 313 1382; x_wconf 89' lang='lat' dir='ltr'>dum</span> <span class='ocrx_word' id='word_1_78' title='bbox 329 1337 466 1380; x_wconf 91' lang='lat' dir='ltr'>numero</span> <span class='ocrx_word' id='word_1_79' title='bbox 488 1325 574 1396; x_wconf 88' lang='lat' dir='ltr'>sunt,</span> <span class='ocrx_word' id='word_1_80' title='bbox 591 1316 618 1379; x_wconf 91' lang='lat' dir='ltr'>si</span> <span class='ocrx_word' id='word_1_81' title='bbox 634 1315 835 1398; x_wconf 90' lang='lat' dir='ltr'>praecedens</span> <span class='ocrx_word' id='word_1_82' title='bbox 857 1334 998 1398; x_wconf 91' lang='lat' dir='ltr'>persona</span> <span class='ocrx_word' id='word_1_83' title='bbox 1020 1315 1152 1380; x_wconf 89' lang='lat' dir='ltr'>desierit</span> <span class='ocrx_word' id='word_1_84' title='bbox 1167 1315 1200 1380; x_wconf 92' lang='lat' dir='ltr'>in</span> <span class='ocrx_word' id='word_1_85' title='bbox 1215 1323 1383 1398; x_wconf 88' lang='lat' dir='ltr'>potestate</span> 
     </span>
     <span class='ocr_line' id='line_1_11' title="bbox 232 1417 1384 1504; baseline -0.003 -20"><span class='ocrx_word' id='word_1_86' title='bbox 232 1420 379 1504; x_wconf 90' lang='lat' dir='ltr'>parentis</span> <span class='ocrx_word' id='word_1_87' title='bbox 402 1441 483 1500; x_wconf 90' lang='lat' dir='ltr'>esse,</span> <span class='ocrx_word' id='word_1_88' title='bbox 497 1420 567 1484; x_wconf 90' lang='lat' dir='ltr'>sive</span> <span class='ocrx_word' id='word_1_89' title='bbox 590 1427 696 1484; x_wconf 90' lang='lat' dir='ltr'>morte</span> <span class='ocrx_word' id='word_1_90' title='bbox 718 1418 753 1484; x_wconf 92' lang='lat' dir='ltr'>id</span> <span class='ocrx_word' id='word_1_91' title='bbox 776 1417 933 1484; x_wconf 89' lang='lat' dir='ltr'>acciderit</span> <span class='ocrx_word' id='word_1_92' title='bbox 955 1419 1025 1484; x_wconf 90' lang='lat' dir='ltr'>sive</span> <span class='ocrx_word' id='word_1_93' title='bbox 1045 1418 1110 1484; x_wconf 84' lang='lat' dir='ltr'>alia</span> <span class='ocrx_word' id='word_1_94' title='bbox 1131 1420 1267 1495; x_wconf 89' lang='lat' dir='ltr'>ratione,</span> <span class='ocrx_word' id='word_1_95' title='bbox 1281 1417 1384 1482; x_wconf 88' lang='lat' dir='ltr'>veluti</span> 
     </span>
     <span class='ocr_line' id='line_1_12' title="bbox 234 1521 1383 1606; baseline -0.003 -18"><span class='ocrx_word' id='word_1_96' title='bbox 234 1523 516 1606; x_wconf 85' lang='lat' dir='ltr'>emancipatione:</span> <span class='ocrx_word' id='word_1_97' title='bbox 547 1541 626 1586; x_wconf 91' lang='lat' dir='ltr'>narn</span> <span class='ocrx_word' id='word_1_98' title='bbox 649 1522 677 1586; x_wconf 91' lang='lat' dir='ltr'>si</span> <span class='ocrx_word' id='word_1_99' title='bbox 699 1542 759 1606; x_wconf 91' lang='lat' dir='ltr'>per</span> <span class='ocrx_word' id='word_1_100' title='bbox 784 1521 819 1586; x_wconf 88' lang='lat' dir='ltr'>id</span> <span class='ocrx_word' id='word_1_101' title='bbox 841 1530 982 1605; x_wconf 90' lang='lat' dir='ltr'>tempus,</span> <span class='ocrx_word' id='word_1_102' title='bbox 1005 1543 1072 1606; x_wconf 94' lang='lat' dir='ltr'>quo</span> <span class='ocrx_word' id='word_1_103' title='bbox 1096 1522 1170 1605; x_wconf 92' lang='lat' dir='ltr'>quis</span> <span class='ocrx_word' id='word_1_104' title='bbox 1192 1529 1383 1598; x_wconf 91' lang='lat' dir='ltr'>moreretur,</span> 
     </span>
     <span class='ocr_line' id='line_1_13' title="bbox 233 1625 1384 1710; baseline -0.002 -18"><span class='ocrx_word' id='word_1_105' title='bbox 233 1627 321 1692; x_wconf 89' lang='lat' dir='ltr'>filius</span> <span class='ocrx_word' id='word_1_106' title='bbox 347 1629 381 1691; x_wconf 91' lang='lat' dir='ltr'>in</span> <span class='ocrx_word' id='word_1_107' title='bbox 403 1636 572 1710; x_wconf 87' lang='lat' dir='ltr'>potestate</span> <span class='ocrx_word' id='word_1_108' title='bbox 596 1626 666 1691; x_wconf 90' lang='lat' dir='ltr'>eius</span> <span class='ocrx_word' id='word_1_109' title='bbox 689 1626 741 1706; x_wconf 90' lang='lat' dir='ltr'>sit,</span> <span class='ocrx_word' id='word_1_110' title='bbox 756 1646 860 1709; x_wconf 87' lang='lat' dir='ltr'>nepos</span> <span class='ocrx_word' id='word_1_111' title='bbox 878 1646 922 1692; x_wconf 86' lang='lat' dir='ltr'>ex</span> <span class='ocrx_word' id='word_1_112' title='bbox 943 1647 984 1692; x_wconf 92' lang='lat' dir='ltr'>eo</span> <span class='ocrx_word' id='word_1_113' title='bbox 1005 1646 1084 1691; x_wconf 93' lang='lat' dir='ltr'>suus</span> <span class='ocrx_word' id='word_1_114' title='bbox 1104 1625 1200 1691; x_wconf 78' lang='lat' dir='ltr'>heres</span> <span class='ocrx_word' id='word_1_115' title='bbox 1223 1647 1295 1691; x_wconf 92' lang='lat' dir='ltr'>esse</span> <span class='ocrx_word' id='word_1_116' title='bbox 1317 1645 1384 1690; x_wconf 92' lang='lat' dir='ltr'>non</span> 
     </span>
     <span class='ocr_line' id='line_1_14' title="bbox 233 1717 1383 1814; baseline -0.003 -18"><span class='ocrx_word' id='word_1_117' title='bbox 233 1739 356 1814; x_wconf 90' lang='lat' dir='ltr'>potest.</span> <span class='ocrx_word' id='word_1_118' title='bbox 393 1730 492 1814; x_wconf 91' lang='lat' dir='ltr'>idque</span> <span class='ocrx_word' id='word_1_119' title='bbox 508 1739 541 1796; x_wconf 92' lang='lat' dir='ltr'>et</span> <span class='ocrx_word' id='word_1_120' title='bbox 556 1731 589 1794; x_wconf 91' lang='lat' dir='ltr'>in</span> <span class='ocrx_word' id='word_1_121' title='bbox 605 1731 721 1796; x_wconf 91' lang='lat' dir='ltr'>ceteris</span> <span class='ocrx_word' id='word_1_122' title='bbox 737 1731 891 1813; x_wconf 87' lang='lat' dir='ltr'>deinceps</span> <span class='ocrx_word' id='word_1_123' title='bbox 906 1717 1083 1794; x_wconf 83' lang='lat' dir='ltr'>liberorum</span> <span class='ocrx_word' id='word_1_124' title='bbox 1095 1730 1243 1813; x_wconf 87' lang='lat' dir='ltr'>personis</span> <span class='ocrx_word' id='word_1_125' title='bbox 1258 1730 1383 1794; x_wconf 90' lang='lat' dir='ltr'>dictum</span> 
     </span>
     <span class='ocr_line' id='line_1_15' title="bbox 234 1833 1384 1919; baseline 0 -21"><span class='ocrx_word' id='word_1_126' title='bbox 234 1835 464 1919; x_wconf 80' lang='lat' dir='ltr'>intellegimus.</span> <span class='ocrx_word' id='word_1_127' title='bbox 508 1835 653 1918; x_wconf 90' lang='lat' dir='ltr'>postumi</span> <span class='ocrx_word' id='word_1_128' title='bbox 668 1855 808 1918; x_wconf 85' lang='lat' dir='ltr'>quoque,</span> <span class='ocrx_word' id='word_1_129' title='bbox 818 1833 883 1916; x_wconf 89' lang='lat' dir='ltr'>qui,</span> <span class='ocrx_word' id='word_1_130' title='bbox 896 1833 923 1898; x_wconf 92' lang='lat' dir='ltr'>si</span> <span class='ocrx_word' id='word_1_131' title='bbox 937 1835 1013 1898; x_wconf 86' lang='lat' dir='ltr'>vivo</span> <span class='ocrx_word' id='word_1_132' title='bbox 1028 1841 1164 1917; x_wconf 88' lang='lat' dir='ltr'>parente</span> <span class='ocrx_word' id='word_1_133' title='bbox 1179 1835 1248 1898; x_wconf 90' lang='lat' dir='ltr'>nati</span> <span class='ocrx_word' id='word_1_134' title='bbox 1264 1843 1384 1910; x_wconf 86' lang='lat' dir='ltr'>essent,</span> 
     </span>
     <span class='ocr_line' id='line_1_16' title="bbox 204 1937 1383 2023; baseline -0.005 -15"><span class='ocrx_word' id='word_1_135' title='bbox 204 1939 269 2008; x_wconf 80' lang='lat' dir='ltr'>ain</span> <span class='ocrx_word' id='word_1_136' title='bbox 285 1949 453 2023; x_wconf 85' lang='lat' dir='ltr'>potestate</span> <span class='ocrx_word' id='word_1_137' title='bbox 468 1939 568 2004; x_wconf 88' lang='lat' dir='ltr'>suturi</span> <span class='ocrx_word' id='word_1_138' title='bbox 589 1938 707 2016; x_wconf 85' lang='lat' dir='ltr'>forent,</span> <span class='ocrx_word' id='word_1_139' title='bbox 723 1938 772 2003; x_wconf 92' lang='lat' dir='ltr'>sui</span> <span class='ocrx_word' id='word_1_140' title='bbox 788 1937 926 2003; x_wconf 90' lang='lat' dir='ltr'>heredes</span> <span class='ocrx_word' id='word_1_141' title='bbox 948 1946 1034 2003; x_wconf 91' lang='lat' dir='ltr'>sunt.</span> <span class='ocrx_word' id='word_1_142' title='bbox 1080 1937 1139 2004; x_wconf 89' lang='lat' dir='ltr'>Sui</span> <span class='ocrx_word' id='word_1_143' title='bbox 1155 1948 1267 2002; x_wconf 90' lang='lat' dir='ltr'>autem</span> <span class='ocrx_word' id='word_1_144' title='bbox 1284 1937 1383 2002; x_wconf 90' lang='lat' dir='ltr'>etiam</span> 
     </span>
     <span class='ocr_line' id='line_1_17' title="bbox 235 2041 1384 2127; baseline -0.001 -19"><span class='ocrx_word' id='word_1_145' title='bbox 235 2045 424 2127; x_wconf 88' lang='lat' dir='ltr'>ignorantes</span> <span class='ocrx_word' id='word_1_146' title='bbox 443 2043 527 2108; x_wconf 89' lang='lat' dir='ltr'>fiunt</span> <span class='ocrx_word' id='word_1_147' title='bbox 548 2043 687 2109; x_wconf 92' lang='lat' dir='ltr'>heredes</span> <span class='ocrx_word' id='word_1_148' title='bbox 710 2052 752 2124; x_wconf 91' lang='lat' dir='ltr'>et,</span> <span class='ocrx_word' id='word_1_149' title='bbox 770 2043 847 2109; x_wconf 92' lang='lat' dir='ltr'>licet</span> <span class='ocrx_word' id='word_1_150' title='bbox 868 2043 980 2108; x_wconf 82' lang='lat' dir='ltr'>furiosi</span> <span class='ocrx_word' id='word_1_151' title='bbox 1002 2043 1077 2120; x_wconf 90' lang='lat' dir='ltr'>sint,</span> <span class='ocrx_word' id='word_1_152' title='bbox 1092 2041 1231 2107; x_wconf 91' lang='lat' dir='ltr'>heredes</span> <span class='ocrx_word' id='word_1_153' title='bbox 1245 2049 1384 2125; x_wconf 85' lang='lat' dir='ltr'>possunt</span> 
     </span>
     <span class='ocr_line' id='line_1_18' title="bbox 236 2145 1383 2232; baseline -0.003 -20"><span class='ocrx_word' id='word_1_154' title='bbox 236 2149 399 2214; x_wconf 87' lang='lat' dir='ltr'>existere:</span> <span class='ocrx_word' id='word_1_155' title='bbox 423 2147 500 2232; x_wconf 89' lang='lat' dir='ltr'>quia</span> <span class='ocrx_word' id='word_1_156' title='bbox 518 2149 638 2231; x_wconf 90' lang='lat' dir='ltr'>quibus</span> <span class='ocrx_word' id='word_1_157' title='bbox 654 2169 698 2212; x_wconf 87' lang='lat' dir='ltr'>ex</span> <span class='ocrx_word' id='word_1_158' title='bbox 714 2145 820 2213; x_wconf 90' lang='lat' dir='ltr'>causis</span> <span class='ocrx_word' id='word_1_159' title='bbox 837 2147 1064 2230; x_wconf 88' lang='lat' dir='ltr'>ignorantibus</span> <span class='ocrx_word' id='word_1_160' title='bbox 1082 2147 1266 2228; x_wconf 86' lang='lat' dir='ltr'>adquiritur</span> <span class='ocrx_word' id='word_1_161' title='bbox 1280 2145 1383 2222; x_wconf 88' lang='lat' dir='ltr'>nobis,</span> 
     </span>
     <span class='ocr_line' id='line_1_19' title="bbox 236 2250 1385 2335; baseline -0.003 -19"><span class='ocrx_word' id='word_1_162' title='bbox 236 2273 281 2316; x_wconf 85' lang='lat' dir='ltr'>ex</span> <span class='ocrx_word' id='word_1_163' title='bbox 310 2251 362 2316; x_wconf 93' lang='lat' dir='ltr'>his</span> <span class='ocrx_word' id='word_1_164' title='bbox 392 2252 499 2316; x_wconf 91' lang='lat' dir='ltr'>causis</span> <span class='ocrx_word' id='word_1_165' title='bbox 529 2261 564 2317; x_wconf 88' lang='lat' dir='ltr'>et</span> <span class='ocrx_word' id='word_1_166' title='bbox 593 2251 723 2316; x_wconf 91' lang='lat' dir='ltr'>luriosis</span> <span class='ocrx_word' id='word_1_167' title='bbox 752 2251 881 2335; x_wconf 84' lang='lat' dir='ltr'>adquiri</span> <span class='ocrx_word' id='word_1_168' title='bbox 910 2259 1031 2334; x_wconf 88' lang='lat' dir='ltr'>potest.</span> <span class='ocrx_word' id='word_1_169' title='bbox 1076 2259 1110 2316; x_wconf 92' lang='lat' dir='ltr'>et</span> <span class='ocrx_word' id='word_1_170' title='bbox 1139 2250 1252 2315; x_wconf 92' lang='lat' dir='ltr'>statim</span> <span class='ocrx_word' id='word_1_171' title='bbox 1278 2259 1385 2314; x_wconf 89' lang='lat' dir='ltr'>morte</span> 
     </span>
     <span class='ocr_line' id='line_1_20' title="bbox 236 2353 1385 2440; baseline -0.002 -20"><span class='ocrx_word' id='word_1_172' title='bbox 236 2355 382 2440; x_wconf 88' lang='lat' dir='ltr'>parentis</span> <span class='ocrx_word' id='word_1_173' title='bbox 412 2355 506 2439; x_wconf 87' lang='lat' dir='ltr'>quasi</span> <span class='ocrx_word' id='word_1_174' title='bbox 531 2355 742 2420; x_wconf 84' lang='lat' dir='ltr'>continuatur</span> <span class='ocrx_word' id='word_1_175' title='bbox 772 2353 974 2420; x_wconf 85' lang='lat' dir='ltr'>dominium:</span> <span class='ocrx_word' id='word_1_176' title='bbox 1012 2363 1046 2419; x_wconf 93' lang='lat' dir='ltr'>et</span> <span class='ocrx_word' id='word_1_177' title='bbox 1076 2353 1151 2418; x_wconf 91' lang='lat' dir='ltr'>ideo</span> <span class='ocrx_word' id='word_1_178' title='bbox 1180 2373 1240 2418; x_wconf 91' lang='lat' dir='ltr'>nec</span> <span class='ocrx_word' id='word_1_179' title='bbox 1266 2353 1385 2418; x_wconf 90' lang='lat' dir='ltr'>tutoris</span> 
     </span>
     <span class='ocr_line' id='line_1_21' title="bbox 236 2456 1385 2541; baseline -0.005 -15"><span class='ocrx_word' id='word_1_180' title='bbox 236 2459 434 2526; x_wconf 91' lang='lat' dir='ltr'>auctoritate</span> <span class='ocrx_word' id='word_1_181' title='bbox 468 2477 552 2541; x_wconf 92' lang='lat' dir='ltr'>opus</span> <span class='ocrx_word' id='word_1_182' title='bbox 584 2466 635 2523; x_wconf 94' lang='lat' dir='ltr'>est</span> <span class='ocrx_word' id='word_1_183' title='bbox 668 2457 701 2520; x_wconf 92' lang='lat' dir='ltr'>in</span> <span class='ocrx_word' id='word_1_184' title='bbox 736 2457 878 2541; x_wconf 89' lang='lat' dir='ltr'>pupillis,</span> <span class='ocrx_word' id='word_1_185' title='bbox 911 2478 987 2524; x_wconf 88' lang='lat' dir='ltr'>cum</span> <span class='ocrx_word' id='word_1_186' title='bbox 1024 2458 1125 2523; x_wconf 91' lang='lat' dir='ltr'>etiam</span> <span class='ocrx_word' id='word_1_187' title='bbox 1159 2456 1385 2541; x_wconf 87' lang='lat' dir='ltr'>ignorantibus</span> 
     </span>
     <span class='ocr_line' id='line_1_22' title="bbox 236 2560 1385 2650; baseline -0.004 -20"><span class='ocrx_word' id='word_1_188' title='bbox 236 2564 420 2646; x_wconf 89' lang='lat' dir='ltr'>adquiritur</span> <span class='ocrx_word' id='word_1_189' title='bbox 443 2563 511 2626; x_wconf 90' lang='lat' dir='ltr'>suis</span> <span class='ocrx_word' id='word_1_190' title='bbox 535 2561 712 2627; x_wconf 89' lang='lat' dir='ltr'>heredibus</span> <span class='ocrx_word' id='word_1_191' title='bbox 737 2560 922 2650; x_wconf 85' lang='lat' dir='ltr'>hereditas:</span> <span class='ocrx_word' id='word_1_192' title='bbox 959 2582 1020 2627; x_wconf 93' lang='lat' dir='ltr'>nec</span> <span class='ocrx_word' id='word_1_193' title='bbox 1046 2563 1204 2628; x_wconf 90' lang='lat' dir='ltr'>curatoris</span> <span class='ocrx_word' id='word_1_194' title='bbox 1225 2581 1385 2628; x_wconf 90' lang='lat' dir='ltr'>consensu</span> 
     </span>
     <span class='ocr_line' id='line_1_23' title="bbox 205 2663 1386 2753; baseline 0.002 -23"><span class='ocrx_word' id='word_1_195' title='bbox 205 2668 420 2753; x_wconf 86' lang='lat' dir='ltr'>4adquiritur</span> <span class='ocrx_word' id='word_1_196' title='bbox 444 2666 575 2745; x_wconf 83' lang='lat' dir='ltr'>furioso,</span> <span class='ocrx_word' id='word_1_197' title='bbox 601 2667 660 2730; x_wconf 90' lang='lat' dir='ltr'>sed</span> <span class='ocrx_word' id='word_1_198' title='bbox 686 2665 760 2749; x_wconf 90' lang='lat' dir='ltr'>ipso</span> <span class='ocrx_word' id='word_1_199' title='bbox 786 2665 863 2730; x_wconf 91' lang='lat' dir='ltr'>iure.</span> <span class='ocrx_word' id='word_1_200' title='bbox 909 2666 1082 2732; x_wconf 91' lang='lat' dir='ltr'>Interdum</span> <span class='ocrx_word' id='word_1_201' title='bbox 1105 2675 1226 2742; x_wconf 88' lang='lat' dir='ltr'>autem,</span> <span class='ocrx_word' id='word_1_202' title='bbox 1249 2664 1327 2732; x_wconf 88' lang='lat' dir='ltr'>licet</span> <span class='ocrx_word' id='word_1_203' title='bbox 1352 2663 1386 2732; x_wconf 86' lang='lat' dir='ltr'>iu</span> 
     </span>
     <span class='ocr_line' id='line_1_24' title="bbox 235 2769 1385 2858; baseline -0.004 -19"><span class='ocrx_word' id='word_1_204' title='bbox 235 2781 404 2858; x_wconf 84' lang='lat' dir='ltr'>potestate</span> <span class='ocrx_word' id='word_1_205' title='bbox 430 2771 545 2835; x_wconf 91' lang='lat' dir='ltr'>mortis</span> <span class='ocrx_word' id='word_1_206' title='bbox 571 2777 723 2853; x_wconf 89' lang='lat' dir='ltr'>tempore</span> <span class='ocrx_word' id='word_1_207' title='bbox 748 2790 826 2834; x_wconf 91' lang='lat' dir='ltr'>suus</span> <span class='ocrx_word' id='word_1_208' title='bbox 852 2769 948 2836; x_wconf 92' lang='lat' dir='ltr'>heres</span> <span class='ocrx_word' id='word_1_209' title='bbox 979 2771 1142 2847; x_wconf 81' lang='lat' dir='ltr'>nonfuit,</span> <span class='ocrx_word' id='word_1_210' title='bbox 1170 2781 1285 2838; x_wconf 88' lang='lat' dir='ltr'>tamen</span> <span class='ocrx_word' id='word_1_211' title='bbox 1308 2790 1385 2834; x_wconf 91' lang='lat' dir='ltr'>suus</span> 
     </span>
     <span class='ocr_line' id='line_1_25' title="bbox 236 2873 1386 2960; baseline 0 -20"><span class='ocrx_word' id='word_1_212' title='bbox 236 2879 333 2942; x_wconf 89' lang='lat' dir='ltr'>heres</span> <span class='ocrx_word' id='word_1_213' title='bbox 347 2875 475 2958; x_wconf 89' lang='lat' dir='ltr'>parenti</span> <span class='ocrx_word' id='word_1_214' title='bbox 493 2873 639 2953; x_wconf 87' lang='lat' dir='ltr'>efficitur,</span> <span class='ocrx_word' id='word_1_215' title='bbox 654 2873 755 2938; x_wconf 92' lang='lat' dir='ltr'>veluti</span> <span class='ocrx_word' id='word_1_216' title='bbox 771 2875 798 2938; x_wconf 90' lang='lat' dir='ltr'>si</span> <span class='ocrx_word' id='word_1_217' title='bbox 813 2875 856 2938; x_wconf 86' lang='lat' dir='ltr'>ab</span> <span class='ocrx_word' id='word_1_218' title='bbox 871 2873 1023 2940; x_wconf 90' lang='lat' dir='ltr'>hostibus</span> <span class='ocrx_word' id='word_1_219' title='bbox 1038 2875 1111 2960; x_wconf 91' lang='lat' dir='ltr'>quis</span> <span class='ocrx_word' id='word_1_220' title='bbox 1126 2895 1273 2940; x_wconf 91' lang='lat' dir='ltr'>reversus</span> <span class='ocrx_word' id='word_1_221' title='bbox 1288 2873 1386 2940; x_wconf 91' lang='lat' dir='ltr'>suerit</span> 
     </span>
     <span class='ocr_line' id='line_1_26' title="bbox 5 2977 1388 3064; baseline -0.003 -18"><span class='ocrx_word' id='word_1_222' title='bbox 5 3013 124 3048; x_wconf 50' lang='lat' dir='ltr'><em>m</em></span> <span class='ocrx_word' id='word_1_223' title='bbox 145 2980 156 2998; x_wconf 83' lang='lat'>&#39;</span> <span class='ocrx_word' id='word_1_224' title='bbox 208 2989 315 3064; x_wconf 77' lang='lat' dir='ltr'>fipost</span> <span class='ocrx_word' id='word_1_225' title='bbox 335 2987 476 3043; x_wconf 87' lang='lat' dir='ltr'>mortem</span> <span class='ocrx_word' id='word_1_226' title='bbox 500 2977 602 3060; x_wconf 90' lang='lat' dir='ltr'>patris</span> <span class='ocrx_word' id='word_1_227' title='bbox 623 2977 691 3042; x_wconf 88' lang='lat' dir='ltr'>sui:</span> <span class='ocrx_word' id='word_1_228' title='bbox 716 2977 766 3042; x_wconf 92' lang='lat' dir='ltr'>ius</span> <span class='ocrx_word' id='word_1_229' title='bbox 787 2977 874 3042; x_wconf 92' lang='lat' dir='ltr'>enim</span> <span class='ocrx_word' id='word_1_230' title='bbox 896 2979 1089 3062; x_wconf 90' lang='lat' dir='ltr'>postliminii</span> <span class='ocrx_word' id='word_1_231' title='bbox 1108 2979 1171 3044; x_wconf 91' lang='lat' dir='ltr'>hoc</span> <span class='ocrx_word' id='word_1_232' title='bbox 1191 2978 1279 3044; x_wconf 80' lang='lat' dir='ltr'>lacit.</span> <span class='ocrx_word' id='word_1_233' title='bbox 1325 2977 1388 3043; x_wconf 88' lang='lat' dir='ltr'>Per</span> 
     </span>
     <span class='ocr_line' id='line_1_27' title="bbox 238 3081 1387 3167; baseline -0.003 -17"><span class='ocrx_word' id='word_1_234' title='bbox 238 3082 435 3150; x_wconf 85' lang='lat' dir='ltr'>contrarium</span> <span class='ocrx_word' id='word_1_235' title='bbox 457 3083 567 3148; x_wconf 90' lang='lat' dir='ltr'>evenit</span> <span class='ocrx_word' id='word_1_236' title='bbox 582 3091 627 3162; x_wconf 91' lang='lat' dir='ltr'>ut,</span> <span class='ocrx_word' id='word_1_237' title='bbox 642 3081 720 3149; x_wconf 91' lang='lat' dir='ltr'>licet</span> <span class='ocrx_word' id='word_1_238' title='bbox 742 3084 816 3167; x_wconf 91' lang='lat' dir='ltr'>quis</span> <span class='ocrx_word' id='word_1_239' title='bbox 838 3083 871 3148; x_wconf 91' lang='lat' dir='ltr'>in</span> <span class='ocrx_word' id='word_1_240' title='bbox 893 3083 1018 3149; x_wconf 86' lang='lat' dir='ltr'>familia</span> <span class='ocrx_word' id='word_1_241' title='bbox 1040 3083 1186 3150; x_wconf 81' lang='lat' dir='ltr'>defuncti</span> <span class='ocrx_word' id='word_1_242' title='bbox 1209 3083 1252 3148; x_wconf 88' lang='lat' dir='ltr'>sit</span> <span class='ocrx_word' id='word_1_243' title='bbox 1272 3081 1387 3148; x_wconf 88' lang='lat' dir='ltr'>mortis</span> 
     </span>
     <span class='ocr_line' id='line_1_28' title="bbox 237 3187 1386 3275; baseline -0.003 -19"><span class='ocrx_word' id='word_1_244' title='bbox 237 3199 397 3275; x_wconf 90' lang='lat' dir='ltr'>tempore,</span> <span class='ocrx_word' id='word_1_245' title='bbox 421 3195 535 3252; x_wconf 90' lang='lat' dir='ltr'>tamen</span> <span class='ocrx_word' id='word_1_246' title='bbox 558 3208 636 3253; x_wconf 92' lang='lat' dir='ltr'>suus</span> <span class='ocrx_word' id='word_1_247' title='bbox 662 3187 759 3253; x_wconf 91' lang='lat' dir='ltr'>heres</span> <span class='ocrx_word' id='word_1_248' title='bbox 785 3209 852 3253; x_wconf 91' lang='lat' dir='ltr'>non</span> <span class='ocrx_word' id='word_1_249' title='bbox 876 3189 943 3268; x_wconf 87' lang='lat' dir='ltr'>fiat,</span> <span class='ocrx_word' id='word_1_250' title='bbox 963 3189 1066 3256; x_wconf 88' lang='lat' dir='ltr'>veluti</span> <span class='ocrx_word' id='word_1_251' title='bbox 1092 3189 1120 3254; x_wconf 91' lang='lat' dir='ltr'>si</span> <span class='ocrx_word' id='word_1_252' title='bbox 1145 3197 1222 3272; x_wconf 90' lang='lat' dir='ltr'>post</span> <span class='ocrx_word' id='word_1_253' title='bbox 1245 3197 1386 3252; x_wconf 90' lang='lat' dir='ltr'>mortem</span> 
     </span>
     <span class='ocr_line' id='line_1_29' title="bbox 238 3290 1387 3377; baseline -0.003 -18"><span class='ocrx_word' id='word_1_254' title='bbox 238 3314 333 3359; x_wconf 89' lang='lat' dir='ltr'>suam</span> <span class='ocrx_word' id='word_1_255' title='bbox 361 3303 456 3377; x_wconf 89' lang='lat' dir='ltr'>pater</span> <span class='ocrx_word' id='word_1_256' title='bbox 481 3291 643 3359; x_wconf 85' lang='lat' dir='ltr'>iudicatus</span> <span class='ocrx_word' id='word_1_257' title='bbox 666 3292 765 3357; x_wconf 84' lang='lat' dir='ltr'>suerit</span> <span class='ocrx_word' id='word_1_258' title='bbox 795 3313 870 3357; x_wconf 91' lang='lat' dir='ltr'>reus</span> <span class='ocrx_word' id='word_1_259' title='bbox 906 3292 1139 3377; x_wconf 88' lang='lat' dir='ltr'>perduellionis</span> <span class='ocrx_word' id='word_1_260' title='bbox 1167 3312 1207 3357; x_wconf 88' lang='lat' dir='ltr'>ac</span> <span class='ocrx_word' id='word_1_261' title='bbox 1236 3311 1296 3376; x_wconf 91' lang='lat' dir='ltr'>per</span> <span class='ocrx_word' id='word_1_262' title='bbox 1323 3290 1387 3356; x_wconf 91' lang='lat' dir='ltr'>hoc</span> 
     </span>
     <span class='ocr_line' id='line_1_30' title="bbox 239 3393 1387 3464; baseline -0.002 -2"><span class='ocrx_word' id='word_1_263' title='bbox 239 3396 398 3463; x_wconf 90' lang='lat' dir='ltr'>memoria</span> <span class='ocrx_word' id='word_1_264' title='bbox 423 3395 494 3461; x_wconf 92' lang='lat' dir='ltr'>eius</span> <span class='ocrx_word' id='word_1_265' title='bbox 517 3396 676 3462; x_wconf 88' lang='lat' dir='ltr'>damnata</span> <span class='ocrx_word' id='word_1_266' title='bbox 699 3396 815 3464; x_wconf 84' lang='lat' dir='ltr'>luerit:</span> <span class='ocrx_word' id='word_1_267' title='bbox 849 3419 945 3462; x_wconf 89' lang='lat' dir='ltr'>suum</span> <span class='ocrx_word' id='word_1_268' title='bbox 971 3397 1059 3462; x_wconf 92' lang='lat' dir='ltr'>enim</span> <span class='ocrx_word' id='word_1_269' title='bbox 1082 3395 1239 3461; x_wconf 89' lang='lat' dir='ltr'>heredem</span> <span class='ocrx_word' id='word_1_270' title='bbox 1263 3393 1387 3460; x_wconf 89' lang='lat' dir='ltr'>habere</span> 
     </span>
     <span class='ocr_line' id='line_1_31' title="bbox 239 3498 1387 3586; baseline -0.003 -20"><span class='ocrx_word' id='word_1_271' title='bbox 239 3523 306 3566; x_wconf 89' lang='lat' dir='ltr'>non</span> <span class='ocrx_word' id='word_1_272' title='bbox 328 3508 447 3584; x_wconf 90' lang='lat' dir='ltr'>potest,</span> <span class='ocrx_word' id='word_1_273' title='bbox 462 3519 539 3566; x_wconf 92' lang='lat' dir='ltr'>cum</span> <span class='ocrx_word' id='word_1_274' title='bbox 561 3499 659 3566; x_wconf 89' lang='lat' dir='ltr'>fiscus</span> <span class='ocrx_word' id='word_1_275' title='bbox 681 3499 711 3566; x_wconf 94' lang='lat' dir='ltr'>ei</span> <span class='ocrx_word' id='word_1_276' title='bbox 733 3501 890 3567; x_wconf 89' lang='lat' dir='ltr'>succedit.</span> <span class='ocrx_word' id='word_1_277' title='bbox 934 3501 994 3566; x_wconf 90' lang='lat' dir='ltr'>sed</span> <span class='ocrx_word' id='word_1_278' title='bbox 1012 3508 1124 3586; x_wconf 89' lang='lat' dir='ltr'>potest</span> <span class='ocrx_word' id='word_1_279' title='bbox 1143 3499 1208 3565; x_wconf 91' lang='lat' dir='ltr'>dici</span> <span class='ocrx_word' id='word_1_280' title='bbox 1231 3499 1303 3584; x_wconf 88' lang='lat' dir='ltr'>ipso</span> <span class='ocrx_word' id='word_1_281' title='bbox 1318 3498 1387 3564; x_wconf 89' lang='lat' dir='ltr'>iure</span> 
     </span>
    </p>
   </div>
   <div class='ocr_carea' id='block_1_3' title="bbox 240 3779 1389 4524">
    <p class='ocr_par' dir='ltr' id='par_1_3' title="bbox 240 3779 1387 3941">
     <span class='ocr_line' id='line_1_32' title="bbox 243 3779 1387 3856; baseline -0.003 -15"><span class='ocrx_word' id='word_1_282' title='bbox 243 3799 281 3854; x_wconf 61' lang='lat' dir='ltr'>ra</span> <span class='ocrx_word' id='word_1_283' title='bbox 292 3801 334 3856; x_wconf 93' lang='lat' dir='ltr'>pr.</span> <span class='ocrx_word' id='word_1_284' title='bbox 348 3801 355 3841; x_wconf 71' lang='grc' dir='ltr'><strong><em>ε</em></strong></span> <span class='ocrx_word' id='word_1_285' title='bbox 373 3785 422 3841; x_wconf 89' lang='lat' dir='ltr'>the</span> <span class='ocrx_word' id='word_1_286' title='bbox 433 3794 501 3841; x_wconf 88' lang='lat' dir='ltr'>note</span> <span class='ocrx_word' id='word_1_287' title='bbox 514 3801 551 3840; x_wconf 91' lang='lat' dir='ltr'>on</span> <span class='ocrx_word' id='word_1_288' title='bbox 560 3783 652 3840; x_wconf 83' lang='lat' dir='ltr'>which</span> <span class='ocrx_word' id='word_1_289' title='bbox 665 3779 773 3839; x_wconf 87' lang='lat' dir='ltr'>section</span> <span class='ocrx_word' id='word_1_290' title='bbox 787 3783 841 3839; x_wconf 88' lang='lat' dir='ltr'>will</span> <span class='ocrx_word' id='word_1_291' title='bbox 853 3783 915 3840; x_wconf 85' lang='lat' dir='ltr'>also</span> <span class='ocrx_word' id='word_1_292' title='bbox 927 3782 1039 3856; x_wconf 88' lang='lat' dir='ltr'>explain</span> <span class='ocrx_word' id='word_1_293' title='bbox 1051 3785 1100 3840; x_wconf 91' lang='lat' dir='ltr'>the</span> <span class='ocrx_word' id='word_1_294' title='bbox 1109 3783 1201 3840; x_wconf 83' lang='lat' dir='ltr'>words</span> <span class='ocrx_word' id='word_1_295' title='bbox 1215 3781 1277 3856; x_wconf 89' lang='lat' dir='ltr'>‘qui</span> <span class='ocrx_word' id='word_1_296' title='bbox 1291 3781 1387 3855; x_wconf 88' lang='lat' dir='ltr'>ethis,</span> 
     </span>
     <span class='ocr_line' id='line_1_33' title="bbox 240 3866 1248 3941; baseline -0.001 -17"><span class='ocrx_word' id='word_1_297' title='bbox 240 3869 286 3941; x_wconf 93' lang='lat' dir='ltr'>qui</span> <span class='ocrx_word' id='word_1_298' title='bbox 300 3878 401 3941; x_wconf 88' lang='lat' dir='ltr'>postea</span> <span class='ocrx_word' id='word_1_299' title='bbox 412 3867 471 3924; x_wconf 87' lang='lat' dir='ltr'>nati</span> <span class='ocrx_word' id='word_1_300' title='bbox 484 3877 558 3939; x_wconf 84' lang='lat' dir='ltr'>sunt,</span> <span class='ocrx_word' id='word_1_301' title='bbox 571 3866 751 3924; x_wconf 87' lang='lat' dir='ltr'>occasionem</span> <span class='ocrx_word' id='word_1_302' title='bbox 764 3867 883 3938; x_wconf 87' lang='lat' dir='ltr'>legitimi</span> <span class='ocrx_word' id='word_1_303' title='bbox 895 3868 1019 3924; x_wconf 88' lang='lat' dir='ltr'>nominis</span> <span class='ocrx_word' id='word_1_304' title='bbox 1031 3867 1248 3939; x_wconf 64' lang='lat' dir='ltr'>praestiterunt)</span> 
     </span>
    </p>

    <p class='ocr_par' dir='ltr' id='par_1_4' title="bbox 240 3948 1389 4274">
     <span class='ocr_line' id='line_1_34' title="bbox 276 3948 1389 4024; baseline -0.004 -16"><span class='ocrx_word' id='word_1_305' title='bbox 276 3951 290 4024; x_wconf 66' lang='grc' dir='ltr'><strong>ξ</strong></span> <span class='ocrx_word' id='word_1_306' title='bbox 304 3957 333 4009; x_wconf 84' lang='grc'>3.</span> <span class='ocrx_word' id='word_1_307' title='bbox 353 3951 402 4009; x_wconf 92' lang='lat' dir='ltr'>Sui</span> <span class='ocrx_word' id='word_1_308' title='bbox 415 3953 544 4022; x_wconf 89' lang='lat' dir='ltr'>heredes,</span> <span class='ocrx_word' id='word_1_309' title='bbox 553 3951 691 4020; x_wconf 84' lang='lat' dir='ltr'>however,</span> <span class='ocrx_word' id='word_1_310' title='bbox 702 3952 787 4008; x_wconf 88' lang='lat' dir='ltr'>could</span> <span class='ocrx_word' id='word_1_311' title='bbox 799 3962 849 4008; x_wconf 91' lang='lat' dir='ltr'>not</span> <span class='ocrx_word' id='word_1_312' title='bbox 861 3953 897 4008; x_wconf 91' lang='lat' dir='ltr'>be</span> <span class='ocrx_word' id='word_1_313' title='bbox 910 3951 1075 4024; x_wconf 91' lang='lat' dir='ltr'>prejudiced</span> <span class='ocrx_word' id='word_1_314' title='bbox 1084 3952 1197 4022; x_wconf 85' lang='lat' dir='ltr'>against</span> <span class='ocrx_word' id='word_1_315' title='bbox 1205 3950 1278 4007; x_wconf 91' lang='lat' dir='ltr'>their</span> <span class='ocrx_word' id='word_1_316' title='bbox 1287 3948 1341 4004; x_wconf 85' lang='lat' dir='ltr'>will</span> <span class='ocrx_word' id='word_1_317' title='bbox 1349 3949 1389 4020; x_wconf 87' lang='lat' dir='ltr'>by</span> 
     </span>
     <span class='ocr_line' id='line_1_35' title="bbox 240 4030 1388 4107; baseline -0.003 -15"><span class='ocrx_word' id='word_1_318' title='bbox 240 4053 258 4092; x_wconf 91' lang='lat' dir='ltr'>a</span> <span class='ocrx_word' id='word_1_319' title='bbox 271 4037 410 4092; x_wconf 87' lang='lat' dir='ltr'>damnosa</span> <span class='ocrx_word' id='word_1_320' title='bbox 421 4035 572 4105; x_wconf 85' lang='lat' dir='ltr'>hereditas,</span> <span class='ocrx_word' id='word_1_321' title='bbox 585 4052 617 4092; x_wconf 88' lang='lat' dir='ltr'>as</span> <span class='ocrx_word' id='word_1_322' title='bbox 629 4035 697 4106; x_wconf 89' lang='lat' dir='ltr'>they</span> <span class='ocrx_word' id='word_1_323' title='bbox 710 4035 832 4106; x_wconf 90' lang='lat' dir='ltr'>enjoyed</span> <span class='ocrx_word' id='word_1_324' title='bbox 850 4037 898 4091; x_wconf 92' lang='lat' dir='ltr'>the</span> <span class='ocrx_word' id='word_1_325' title='bbox 917 4035 1078 4107; x_wconf 87' lang='lat' dir='ltr'>praetorian</span> <span class='ocrx_word' id='word_1_326' title='bbox 1097 4034 1283 4090; x_wconf 87' lang='lat' dir='ltr'>‘beneficium</span> <span class='ocrx_word' id='word_1_327' title='bbox 1301 4030 1388 4089; x_wconf 88' lang='lat' dir='ltr'>absti-</span> 
     </span>
     <span class='ocr_line' id='line_1_36' title="bbox 240 4113 1386 4176; baseline -0.003 -1"><span class='ocrx_word' id='word_1_328' title='bbox 240 4118 343 4176; x_wconf 80' lang='lat' dir='ltr'>nendi&#39;</span> <span class='ocrx_word' id='word_1_329' title='bbox 356 4120 482 4176; x_wconf 90' lang='lat' dir='ltr'>whether</span> <span class='ocrx_word' id='word_1_330' title='bbox 495 4119 586 4176; x_wconf 89' lang='lat' dir='ltr'>called</span> <span class='ocrx_word' id='word_1_331' title='bbox 598 4129 628 4176; x_wconf 92' lang='lat' dir='ltr'>to</span> <span class='ocrx_word' id='word_1_332' title='bbox 641 4119 762 4176; x_wconf 89' lang='lat' dir='ltr'>succeed</span> <span class='ocrx_word' id='word_1_333' title='bbox 775 4118 866 4176; x_wconf 90' lang='lat' dir='ltr'>under</span> <span class='ocrx_word' id='word_1_334' title='bbox 877 4137 896 4176; x_wconf 91' lang='lat' dir='ltr'>a</span> <span class='ocrx_word' id='word_1_335' title='bbox 908 4118 963 4176; x_wconf 89' lang='lat' dir='ltr'>will</span> <span class='ocrx_word' id='word_1_336' title='bbox 975 4135 1008 4174; x_wconf 92' lang='lat' dir='ltr'>or</span> <span class='ocrx_word' id='word_1_337' title='bbox 1019 4119 1056 4176; x_wconf 93' lang='lat' dir='ltr'>ab</span> <span class='ocrx_word' id='word_1_338' title='bbox 1069 4117 1222 4175; x_wconf 87' lang='lat' dir='ltr'>intestato:</span> <span class='ocrx_word' id='word_1_339' title='bbox 1241 4133 1289 4174; x_wconf 88' lang='lat' dir='ltr'>see</span> <span class='ocrx_word' id='word_1_340' title='bbox 1297 4116 1350 4172; x_wconf 85' lang='lat' dir='ltr'>Bk.</span> <span class='ocrx_word' id='word_1_341' title='bbox 1358 4113 1386 4173; x_wconf 87' lang='lat' dir='ltr'>ii.</span> 
     </span>
     <span class='ocr_line' id='line_1_37' title="bbox 243 4202 565 4274; baseline 0 -16"><span class='ocrx_word' id='word_1_342' title='bbox 243 4218 284 4273; x_wconf 90' lang='lat'>¹9·</span> <span class='ocrx_word' id='word_1_343' title='bbox 298 4217 313 4258; x_wconf 91' lang='lat'>2</span> <span class='ocrx_word' id='word_1_344' title='bbox 326 4202 385 4258; x_wconf 91' lang='lat' dir='ltr'>and</span> <span class='ocrx_word' id='word_1_345' title='bbox 395 4213 478 4259; x_wconf 90' lang='lat' dir='ltr'>notes</span> <span class='ocrx_word' id='word_1_346' title='bbox 490 4219 565 4274; x_wconf 91' lang='lat' dir='ltr'>supr.</span> 
     </span>
    </p>

    <p class='ocr_par' dir='ltr' id='par_1_5' title="bbox 278 4285 1090 4358">
     <span class='ocr_line' id='line_1_38' title="bbox 278 4285 1090 4358; baseline 0.001 -16"><span class='ocrx_word' id='word_1_347' title='bbox 278 4285 335 4358; x_wconf 81' lang='lat'>§4.</span> <span class='ocrx_word' id='word_1_348' title='bbox 355 4288 411 4342; x_wconf 89' lang='lat' dir='ltr'>For</span> <span class='ocrx_word' id='word_1_349' title='bbox 424 4288 472 4343; x_wconf 91' lang='lat' dir='ltr'>the</span> <span class='ocrx_word' id='word_1_350' title='bbox 485 4287 528 4342; x_wconf 88' lang='lat' dir='ltr'>ius</span> <span class='ocrx_word' id='word_1_351' title='bbox 540 4285 705 4358; x_wconf 88' lang='lat' dir='ltr'>postliminii</span> <span class='ocrx_word' id='word_1_352' title='bbox 718 4303 765 4343; x_wconf 90' lang='lat' dir='ltr'>see</span> <span class='ocrx_word' id='word_1_353' title='bbox 778 4303 815 4341; x_wconf 88' lang='lat' dir='ltr'>on</span> <span class='ocrx_word' id='word_1_354' title='bbox 829 4285 880 4342; x_wconf 87' lang='lat' dir='ltr'>Bk.</span> <span class='ocrx_word' id='word_1_355' title='bbox 895 4301 917 4342; x_wconf 94' lang='lat'>1.</span> <span class='ocrx_word' id='word_1_356' title='bbox 931 4300 970 4342; x_wconf 86' lang='lat'>12.</span> <span class='ocrx_word' id='word_1_357' title='bbox 986 4297 999 4356; x_wconf 83' lang='grc'><strong><em>5</em></strong></span> <span class='ocrx_word' id='word_1_358' title='bbox 1014 4303 1090 4357; x_wconf 91' lang='lat' dir='ltr'>supr.</span> 
     </span>
    </p>

    <p class='ocr_par' dir='ltr' id='par_1_6' title="bbox 241 4361 1389 4524">
     <span class='ocr_line' id='line_1_39' title="bbox 278 4361 1389 4441; baseline -0.002 -17"><span class='ocrx_word' id='word_1_359' title='bbox 278 4367 335 4440; x_wconf 66' lang='lat'>§5-</span> <span class='ocrx_word' id='word_1_360' title='bbox 355 4371 397 4426; x_wconf 84' lang='lat' dir='ltr'>Ol</span> <span class='ocrx_word' id='word_1_361' title='bbox 409 4371 458 4426; x_wconf 91' lang='lat' dir='ltr'>the</span> <span class='ocrx_word' id='word_1_362' title='bbox 473 4381 545 4426; x_wconf 89' lang='lat' dir='ltr'>term</span> <span class='ocrx_word' id='word_1_363' title='bbox 562 4370 718 4441; x_wconf 91' lang='lat' dir='ltr'>perduellio</span> <span class='ocrx_word' id='word_1_364' title='bbox 732 4371 835 4425; x_wconf 90' lang='lat' dir='ltr'>Festus</span> <span class='ocrx_word' id='word_1_365' title='bbox 850 4387 915 4440; x_wconf 90' lang='lat' dir='ltr'>says</span> <span class='ocrx_word' id='word_1_366' title='bbox 932 4367 1037 4425; x_wconf 89' lang='lat' dir='ltr'>‘hostis</span> <span class='ocrx_word' id='word_1_367' title='bbox 1058 4367 1135 4440; x_wconf 90' lang='lat' dir='ltr'>apud</span> <span class='ocrx_word' id='word_1_368' title='bbox 1157 4367 1288 4439; x_wconf 89' lang='lat' dir='ltr'>antiquos</span> <span class='ocrx_word' id='word_1_369' title='bbox 1309 4361 1389 4438; x_wconf 72' lang='lat' dir='ltr'>pere‘-</span> 
     </span>
     <span class='ocr_line' id='line_1_40' title="bbox 241 4447 1389 4524; baseline -0.001 -18"><span class='ocrx_word' id='word_1_370' title='bbox 241 4451 338 4524; x_wconf 84' lang='lat' dir='ltr'>grinus</span> <span class='ocrx_word' id='word_1_371' title='bbox 351 4451 505 4524; x_wconf 89' lang='lat' dir='ltr'>dicebatur,</span> <span class='ocrx_word' id='word_1_372' title='bbox 519 4463 547 4509; x_wconf 91' lang='lat' dir='ltr'>et</span> <span class='ocrx_word' id='word_1_373' title='bbox 561 4451 607 4524; x_wconf 91' lang='lat' dir='ltr'>qui</span> <span class='ocrx_word' id='word_1_374' title='bbox 621 4471 696 4510; x_wconf 90' lang='lat' dir='ltr'>nunc</span> <span class='ocrx_word' id='word_1_375' title='bbox 709 4451 800 4509; x_wconf 85' lang='lat' dir='ltr'>hostis</span> <span class='ocrx_word' id='word_1_376' title='bbox 813 4451 970 4524; x_wconf 89' lang='lat' dir='ltr'>perduellio</span> <span class='ocrx_word' id='word_1_377' title='bbox 982 4453 1004 4510; x_wconf 82' lang='lat'>:³</span> <span class='ocrx_word' id='word_1_378' title='bbox 1022 4453 1071 4510; x_wconf 89' lang='lat' dir='ltr'>the</span> <span class='ocrx_word' id='word_1_379' title='bbox 1084 4452 1193 4510; x_wconf 77' lang='lat' dir='ltr'>offense</span> <span class='ocrx_word' id='word_1_380' title='bbox 1203 4451 1227 4507; x_wconf 89' lang='lat' dir='ltr'>is</span> <span class='ocrx_word' id='word_1_381' title='bbox 1238 4449 1350 4508; x_wconf 85' lang='lat' dir='ltr'>defined</span> <span class='ocrx_word' id='word_1_382' title='bbox 1360 4447 1389 4505; x_wconf 90' lang='lat' dir='ltr'>in</span> 
     </span>
    </p>
   </div>
   <div class='ocr_carea' id='block_1_4' title="bbox 0 0 1600 5022">
    <p class='ocr_par' dir='ltr' id='par_1_7' title="bbox 0 0 1600 5022">
     <span class='ocr_line' id='line_1_41' title="bbox 0 0 1600 5022; baseline 0 0"><span class='ocrx_word' id='word_1_383' title='bbox 0 0 1600 5022; x_wconf 95' lang='lat' dir='ltr'> </span> 
     </span>
    </p>
   </div>
  </div>
 </body>
</html>
