3176 5022
235 297 299 386 348
436 306 539 364 INST
538 307 586 362 [Τ
588 306 644 363 UT
641 305 788 363 IONUM
806 303 925 359 LIBRI
943 301 1180 376 QUATTUOR.
1266 300 1332 369 [lah.
1340 305 1387 355 111.

236 492 294 536 eos
312 470 345 535 in
367 469 503 555 plenum
525 491 644 536 causae
667 469 793 535 mederi
815 467 1019 532 invenimus:
1047 486 1149 551 quare
1172 462 1297 531 etenim
1319 485 1386 529 uno

235 577 421 659 eodemque
446 577 552 659 gradu
582 575 724 640 naturali
750 583 964 639 concurrente
980 581 1022 664 et
1047 571 1259 655 adgnationis
1280 570 1387 634 titulis

236 687 307 743 tam
337 681 371 743 in
402 681 556 745 masculis
585 700 687 763 quam
713 680 747 743 in
776 679 907 744 seminis
939 698 1046 760 aequa
1076 676 1169 740 lance
1198 675 1387 740 constitutis

236 784 392 848 masculis
417 786 553 868 quidem
584 785 727 849 dabatur
750 785 793 850 ad
824 783 1064 847 successionem
1094 780 1207 845 venire
1237 779 1387 843 omnium

236 888 465 970 adgnatorum,
482 909 526 952 ex
542 888 696 970 adgnatis
716 897 829 952 autem
850 885 1043 950 mulieribus
1064 883 1162 948 nullis
1178 884 1310 966 penitus
1325 881 1387 946 nisi

236 991 299 1056 soli
317 993 419 1056 sorori
439 993 483 1057 ad
505 993 727 1075 adgnatorum
747 992 987 1056 successionem
1003 989 1142 1073 patebat
1156 987 1289 1052 aditus?
1311 985 1388 1050 ideo

237 1095 272 1158 in
297 1095 433 1178 plenum
455 1097 568 1160 omnia
590 1095 784 1160 reducentes
808 1094 907 1159 etad
930 1095 981 1157 ius
1004 1093 1180 1156 duodecim
1200 1090 1387 1154 tabularum

238 1199 378 1262 eandem
390 1199 642 1280 dispositionem
658 1209 883 1281 exaequantes
900 1205 1013 1262 nostra
1024 1195 1261 1260 constitutione
1276 1194 1388 1258 sanxi·

238 1321 312 1366 mus
341 1323 457 1368 omnes
494 1303 660 1385 legitimas
689 1323 857 1386 personas,
883 1301 917 1365 id
947 1310 998 1366 est
1027 1319 1087 1384 per
1111 1298 1239 1363 virilem
1269 1317 1389 1362 sexum

238 1407 486 1496 descendentes,
501 1409 570 1471 sive
586 1407 757 1472 masculini
780 1407 849 1472 sive
871 1405 1019 1469 feminini
1037 1405 1167 1487 generis
1190 1411 1275 1480 sunt,
1290 1402 1389 1466 simili

239 1511 341 1574 modo
376 1512 419 1574 ad
449 1512 520 1575 iura
556 1512 771 1576 successionis
809 1511 977 1594 legitimae
1013 1510 1057 1574 ab
1091 1509 1251 1572 intestato
1279 1507 1390 1570 vocari

239 1613 421 1678 secundum
445 1613 567 1696 gradus
594 1615 644 1679 sui
671 1617 936 1698 praerogativam
966 1633 1026 1677 nec
1052 1611 1129 1676 ideo
1155 1610 1390 1690 excludendas,

209 1720 318 1801 rquia
332 1719 626 1801 consanguinitatis
648 1720 717 1784 iura
737 1720 835 1784 sicuti
857 1739 1034 1802 germanae
1049 1737 1116 1780 non
1131 1715 1267 1780 habent.
1314 1715 1390 1779 Hoc

240 1825 342 1887 etiam
379 1823 571 1887 addendum
608 1833 741 1888 nostrae
778 1823 1006 1888 constitutioni
1045 1821 1320 1895 existimavimus,
1352 1827 1391 1882 ut
1581 1824 1582 1899 l

240 1925 455 1991 transferatur
479 1947 563 1992 unus
588 1929 819 1992 tantummodo
841 1928 964 2010 gradus
986 1948 1007 1991 a
1030 1927 1099 1989 iure
1124 1924 1330 2007 cognationis
1356 1923 1391 1986 in

240 2029 426 2112 legitimam
453 2032 703 2110 successionem,
728 2039 765 2095 ut
790 2051 856 2094 non
882 2029 991 2096 solum
1018 2029 1126 2094 fratris
1153 2027 1239 2092 filius
1263 2035 1297 2090 et
1323 2025 1392 2091 lilia

241 2135 424 2199 secundum
443 2135 534 2216 quod
559 2135 625 2199 iam
648 2134 856 2200 definivimus
877 2135 921 2200 ad
944 2133 1186 2199 successionem
1209 2130 1318 2214 patrui
1340 2130 1392 2194 sui

240 2249 406 2317 vocentur,
443 2239 504 2303 sed
541 2241 643 2303 etiam
679 2260 857 2322 germanae
893 2239 1157 2320 consanguineae
1188 2236 1242 2300 vel
1271 2236 1392 2302 sororis

240 2345 389 2408 uterinae
411 2343 498 2408 filius
520 2352 554 2407 et
576 2343 643 2408 filia
664 2343 726 2408 soli
749 2355 783 2409 et
805 2365 871 2409 non
887 2345 1041 2428 deinceps
1057 2363 1219 2426 personae
1234 2363 1300 2405 una
1315 2359 1392 2404 cum
1579 2321 1582 2518 1

240 2448 292 2512 his
308 2448 350 2512 ad
367 2449 437 2512 iura
451 2448 603 2512 avunculi
622 2449 672 2512 sui
691 2450 883 2532 perveniant
905 2458 940 2513 et
964 2457 1095 2513 mortuo
1117 2468 1167 2526 e0,
1183 2447 1239 2530 qui
1255 2454 1392 2529 patruus

240 2551 378 2633 quidem
408 2559 458 2614 est
487 2549 595 2616 fratris
626 2553 676 2616 sui
707 2551 791 2630 filiis,
818 2553 999 2618 avunculus
1029 2561 1141 2616 autem
1169 2550 1289 2615 sororis
1312 2569 1393 2612 suae

241 2653 358 2730 suboli,
374 2653 474 2718 simili
496 2653 596 2718 modo
618 2655 662 2719 ab
684 2664 824 2738 utroque
845 2655 948 2720 latere
970 2656 1157 2734 succedant,
1172 2663 1345 2737 tamquam
1363 2653 1392 2717 si

241 2777 358 2822 omnes
374 2778 417 2821 ex
432 2757 587 2824 masculis
602 2760 841 2825 descendentes
856 2759 1007 2844 legitimo
1026 2761 1095 2824 iure
1109 2760 1252 2836 veniant,
1267 2758 1394 2823 scilicet

242 2860 300 2923 ubi
322 2860 422 2924 irater
444 2869 478 2925 et
500 2881 592 2926 soror
613 2865 808 2946 superstites
832 2885 898 2928 non
921 2875 999 2930 sunt
1020 2861 1085 2950 (his
1104 2864 1227 2928 etenim
1243 2861 1392 2945 personis
1579 2891 1581 2938 y

242 2965 515 3048 praecedentibus
541 2977 575 3032 et
597 2969 838 3033 successionem
865 2969 1119 3034 admittentibus
1146 2968 1246 3032 ceteri
1270 2965 1392 3050 gradus
1581 2991 1582 3083 p

243 3079 413 3135 remanent
428 3073 559 3155 penitus
575 3070 724 3159 semoti):
746 3075 901 3139 videlicet
921 3073 1105 3138 hereditate
1120 3093 1187 3137 non
1202 3072 1245 3136 ad
1266 3072 1393 3154 stirpes,

1581 3245 1582 3284 l

243 3266 384 3338 Justinian
405 3269 475 3324 calls
493 3269 542 3325 the
565 3270 661 3326 media
682 3269 907 3340 iurisprudentia,
926 3287 959 3324 or
982 3287 1061 3324 more
1082 3267 1220 3340 precisely
1239 3268 1288 3323 the
1309 3266 1393 3322 inter·

243 3351 365 3422 pretatio
384 3352 519 3421 (General
539 3355 644 3410 Introd.
659 3372 684 3426 p.
699 3367 732 3424 45
747 3353 832 3426 supr.)
852 3355 885 3409 os
898 3354 947 3409 the
965 3355 1011 3410 lex
1023 3353 1152 3408 Voconia
1168 3353 1206 3422 by
1219 3353 1268 3406 the
1277 3349 1394 3422 jurists;

244 3433 383 3491 ‘feminae
395 3437 434 3491 ad
446 3437 617 3493 hereditates
635 3438 775 3508 legitimas
788 3439 861 3492 ultra
879 3437 1105 3508 consanguineas
1125 3435 1319 3492 successiones
1335 3450 1398 3500 non

244 3518 438 3588 admittuntur,
447 3519 532 3590 idque
542 3520 601 3575 iure
609 3519 683 3575 civili
694 3520 860 3576 Voconiana
869 3521 978 3577 ratione
988 3521 1100 3576 videtur
1109 3521 1255 3576 effectum:
1269 3528 1393 3574 ceterum

244 3601 290 3655 lex
302 3601 453 3656 duodecim
466 3603 625 3658 tabularum
642 3605 719 3658 nulla
731 3604 901 3660 discretione
914 3621 997 3660 sexus
1010 3605 1150 3674 adgnatos
1163 3602 1301 3659 admittit’
1315 3601 1393 3656 Paul.

244 3693 317 3739 sent.
330 3701 386 3740 rec.
398 3699 425 3752 4.
438 3700 462 3754 9.
477 3700 520 3740 22.
557 3687 693 3742 Remoter
701 3687 803 3742 female
813 3699 931 3758 agnates
944 3691 1013 3744 than
1026 3689 1124 3745 sisters
1134 3688 1192 3744 had
1203 3705 1222 3742 a
1234 3685 1393 3758 praetorian

244 3768 306 3824 title
324 3770 406 3839 only;
424 3771 492 3840 they
510 3772 594 3826 could
613 3771 709 3826 obtain
729 3772 868 3828 bonorum
886 3775 1030 3843 possessio
1052 3773 1081 3829 in
1104 3775 1153 3830 the
1170 3772 1246 3827 third
1264 3770 1343 3840 rank,
1362 3785 1394 3824 as

245 3862 381 3922 cognates
400 3853 598 3924 (proximitatis
616 3855 751 3926 nomine),
771 3857 866 3911 unless
884 3858 1022 3913 excluded
1040 3859 1080 3928 by
1097 3875 1197 3913 nearer
1215 3853 1348 3910 relations
1366 3851 1399 3906 oi

244 3936 293 3992 the
312 3953 391 3992 same
410 3937 492 3992 class.
528 3937 694 4008 Justinian's
706 3949 868 3995 enactment
884 3941 1024 4012 restoring
1042 3951 1072 3997 to
1089 3941 1169 3996 thern
1186 3938 1259 3995 their
1275 3934 1394 4006 original

217 4040 220 4048 ’
244 4019 334 4090 rights
347 4020 371 4074 is
384 4020 413 4076 in
427 4021 498 4077 Cod.
510 4021 536 4077 6.
551 4023 592 4092 58.
609 4038 649 4090 14.

281 4105 296 4171 §
310 4107 339 4158 4.
360 4106 424 4159 Into
437 4105 485 4160 the
498 4107 605 4161 second
617 4105 700 4161 order
720 4105 753 4162 ol
761 4106 932 4177 succession,
945 4106 1036 4162 which
1053 4124 1123 4178 goes
1140 4105 1284 4176 generally
1295 4104 1334 4173 by
1345 4103 1394 4158 the

244 4205 329 4244 name
348 4188 381 4242 oi
398 4188 524 4259 legitimi,
546 4191 603 4246 and
622 4190 714 4244 which
735 4190 879 4246 consisted
900 4191 939 4260 by
957 4193 1005 4246 the
1026 4191 1073 4246 old
1093 4192 1147 4246 law
1165 4189 1198 4244 os
1215 4189 1263 4243 the
1282 4195 1395 4242 nearest

245 4281 363 4341 agnates
383 4274 456 4343 only,
470 4291 542 4328 vvere
560 4273 700 4330 admitted
717 4275 755 4345 by
768 4273 927 4331 successive
944 4276 1078 4346 changes,
1091 4274 1200 4344 though
1217 4272 1246 4327 in
1265 4271 1395 4326 different

245 4353 363 4423 degrees
376 4355 409 4411 of
417 4357 550 4427 priority:

235 4501 240 4508 ,
282 4437 321 4506 (1)
341 4439 403 4496 The
415 4439 578 4496 deceased's
590 4441 703 4498 mother
714 4439 738 4496 il
747 4441 798 4498 she
810 4441 869 4496 had
881 4441 929 4497 the
943 4440 986 4497 ius
999 4441 1160 4520 liberorum,
1173 4439 1228 4496 Tit.
1243 4453 1259 4509 3
1272 4437 1321 4494 ini.
1374 4495 1381 4502 ,
