3028 5016
216 328 280 401 592
419 320 771 380 rnsrrrurrowvw
788 318 907 376 cmm
926 317 1162 392 QUATTUOR.
1251 315 1371 385 [mm

217 489 250 554 in
278 488 351 555 loco
375 507 467 554 sacro
493 485 668 566 aedificari,
697 485 751 551 vel
777 485 810 548 in
835 483 970 550 flumine
996 482 1129 567 publico
1157 481 1271 567 ripaue
1296 481 1371 546 eius

216 593 341 676 aliquid
367 591 446 668 fieri,
472 613 538 674 quo
562 592 655 674 peius
682 591 861 673 navigetur.
914 588 1115 653 restitutoria
1138 596 1224 666 sunt,
1247 586 1371 669 quibus

216 696 344 761 restitui
370 694 494 779 aliquid
524 695 623 773 iubet,
653 694 756 758 veluti
786 713 860 758 cum
889 692 1052 757 bonorum
1082 692 1262 776 possessori
1291 711 1371 772 pos·

218 801 398 865 sessionem
424 820 546 878 eorum,
569 818 656 882 quae
678 799 752 882 quis
778 818 839 880 pro
864 795 986 861 herede
1011 805 1069 860 aut
1092 816 1154 880 pro
1180 813 1372 879 possessore

217 905 366 988 possidet
382 923 426 966 ex
442 924 481 968 ea
496 902 690 980 hereditate,
705 911 763 966 aut
781 921 857 966 cum
873 902 965 966 iubet
981 900 1020 980 ei,
1036 899 1139 983 quivi
1161 899 1371 982 possessione

217 1008 311 1072 fundi
338 1007 485 1072 deiectus
511 1007 564 1082 sit,
592 1007 719 1070 restitui
745 1005 998 1088 possessionem.
1050 1003 1249 1068 exhibitoria
1279 1011 1369 1077 sunt,

219 1132 278 1196 per
296 1131 382 1194 quae
402 1111 493 1174 iubet
513 1110 672 1190 exhiberi,
687 1109 788 1174 veluti
805 1130 889 1183 eum,
907 1109 998 1173 cuius
1018 1107 1061 1172 de
1082 1107 1235 1171 libertate
1249 1107 1368 1188 agitur,

219 1227 277 1281 aut
300 1216 462 1292 libertum,
482 1214 533 1278 cui
556 1223 714 1298 patronus
736 1234 854 1298 operas
877 1212 1019 1277 indicere
1044 1211 1134 1288 velit,
1157 1221 1215 1276 aut
1241 1209 1370 1294 parenti

219 1321 349 1396 liberos,
369 1319 426 1403 qui
449 1317 482 1380 in
504 1329 672 1400 potestate
695 1319 764 1382 eius
790 1327 877 1382 sunt.
930 1325 1006 1381 sunt
1030 1325 1143 1380 tamen
1170 1315 1226 1398 qui
1251 1322 1371 1398 putant

219 1423 350 1506 proprie
372 1423 547 1488 interdicta
569 1444 609 1486 ea
629 1423 746 1498 vocari,
770 1443 856 1505 quae
878 1421 1094 1504 prohibitoria
1115 1429 1199 1496 sunt,
1220 1419 1299 1502 quia
1321 1418 1372 1481 in·

220 1527 380 1592 terdicere
402 1538 453 1592 est
478 1526 672 1590 denuntiare
694 1535 728 1591 et
751 1525 942 1609 prohibere:
970 1524 1172 1588 restitutoria
1197 1533 1309 1588 autem
1336 1530 1371 1586 et

220 1629 420 1696 exhibitoria
436 1629 566 1714 proprie
580 1629 714 1694 decreta
728 1629 857 1695 vocari:
880 1628 939 1693 sed
958 1638 1071 1693 tamen
1093 1627 1238 1710 optinuit
1258 1625 1372 1690 omnia

221 1869 400 1940 restitutoria,
414 1869 471 1926 and
483 1869 659 1940 exhibitoria,
671 1869 757 1939 being
775 1869 865 1924 based
882 1885 958 1939 upon
975 1869 1024 1924 the
1040 1877 1122 1924 tenor
1134 1867 1167 1923 of
1175 1868 1224 1922 the
1236 1867 1372 1938 praetors

221 1955 313 2024 order,
332 1955 390 2009 and
414 1953 529 2009 derived
553 1953 626 2008 from
648 1953 736 2008 Gaius
760 1952 806 2022 (iv.
832 1967 889 2022 140,
912 1950 982 2020 142),
999 1951 1023 2006 is
1043 1951 1072 2006 in
1093 1951 1234 2022 Justinian
1256 1969 1274 2006 a
1293 1965 1372 2005 mere

221 2037 438 2094 anachronism:
462 2037 608 2092 interdicts
626 2035 684 2092 aim
703 2047 731 2092 at
750 2035 924 2106 prevention,
937 2035 1106 2105 restitution‚
1119 2035 1176 2090 and
1194 2034 1372 2106 productiori,

221 2139 260 2178 no
279 2139 365 2190 more,
379 2122 437 2176 and
455 2138 492 2176 no
511 2123 576 2190 less,
589 2122 658 2176 than
673 2121 806 2189 ordinary
819 2119 936 2174 actions.
975 2121 1009 2173 In
1024 2119 1089 2190 Dig.
1103 2134 1145 2188 43.
1163 2134 1183 2174 r.
1202 2133 1223 2173 1.
1240 2133 1250 2172 r
1265 2117 1372 2188 Ulpian

221 2207 295 2262 adds
307 2223 325 2261 a
337 2207 431 2261 fourth
444 2203 735 2284 species-interdicte
745 2203 837 2258 which
850 2221 898 2260 are
911 2202 1059 2259 mixed-i.
1067 2220 1090 2260 e.
1106 2204 1174 2258 both
1187 2200 1373 2273 prohibitoria

222 2290 280 2346 and
292 2289 468 2345 exhibitoria.

260 2375 322 2429 The
335 2373 466 2428 interdict
478 2371 641 2443 forbidding
653 2372 757 2429 violent
770 2383 865 2428 ouster
877 2371 910 2426 oi
918 2388 955 2427 an
968 2371 1102 2427 innocent
1115 2387 1264 2442 possessor
1275 2369 1299 2425 is
1311 2369 1372 2424 that

222 2459 325 2513 known
338 2475 370 2512 as
383 2456 422 2512 uti
436 2455 597 2528 possidetis,
611 2458 625 2525 §
640 2473 657 2524 4
669 2457 718 2512 inl.
755 2459 830 2512 That
843 2457 879 2512 de
892 2467 1004 2512 mortuo
1017 2455 1165 2510 inferendo
1182 2455 1207 2509 is
1220 2453 1330 2509 treated
1343 2452 1371 2506 in

223 2541 311 2598 detail
329 2540 358 2596 in
378 2540 444 2611 Dig.
468 2556 507 2596 rr.
527 2541 562 2608 8;
587 2541 623 2594 its
641 2541 762 2596 formula
779 2557 830 2595 ran
850 2539 922 2611 ‘quo
941 2557 1032 2611 quave
1050 2539 1089 2593 illi
1109 2549 1251 2593 mortuum
1269 2537 1372 2592 inferre

223 2625 312 2680 invito
330 2635 359 2680 te
378 2623 421 2680 ius
439 2635 491 2694 est,
505 2623 656 2696 quominus
674 2623 714 2678 illi
732 2641 766 2680 eo
785 2641 854 2679 eave
873 2634 1015 2679 mortuum
1034 2623 1136 2678 inferre
1154 2631 1182 2677 et
1195 2621 1233 2676 ibi
1253 2620 1372 2692 sepelire

224 2711 308 2765 liceat
321 2709 378 2764 vim
397 2708 455 2764 fieri
471 2718 536 2764 veto
549 2711 570 2774 ;’
588 2709 650 2763 that
663 2708 695 2762 oi
710 2710 758 2763 the
777 2708 854 2764 third
872 2707 1048 2779 probibitory
1060 2706 1192 2762 interdict
1209 2703 1373 2760 mentioned

224 2793 253 2848 in
267 2795 315 2848 the
327 2802 385 2848 text
399 2792 444 2846 ‘in
457 2793 520 2847 loco
532 2809 614 2847 sacro
627 2792 719 2846 iacere
735 2792 799 2847 inve
817 2809 883 2847 eum
900 2791 1053 2848 immittere
1070 2790 1138 2862 quid
1150 2791 1232 2846 veto’
1250 2789 1315 2858 Dig.
1329 2801 1372 2856 43.

223 2878 260 2946 6;
278 2878 339 2932 that
352 2877 385 2931 oi
399 2877 447 2932 the
465 2876 558 2930 fourth
579 2875 632 2930 ‘ne
651 2875 719 2946 quid
738 2875 766 2930 in
785 2875 901 2931 flumine
918 2875 1032 2946 publico
1045 2874 1141 2945 ripave
1153 2873 1215 2929 eius
1229 2873 1373 2942 immittas,

223 2977 281 3033 quo
294 2959 379 3014 statio
392 2959 480 3015 iterve
492 2958 606 3030 navigio
619 2957 742 3014 deterior
754 2959 790 3014 sit
804 2959 867 3014 fiat’
882 2958 947 3029 Dig.
961 2972 1004 3028 43,
1021 2972 1060 3012 12.

261 3041 476 3098 Restitutorium
495 3059 527 3096 as
544 3041 658 3113 applied
675 3051 705 3096 to
722 3041 868 3097 interdices
887 3043 939 3096 has
957 3043 1005 3096 the
1018 3057 1098 3096 same
1111 3039 1183 3095 wide
1195 3037 1330 3109 meaning
1341 3053 1373 3094 as

224 3125 372 3182 restituere
385 3125 413 3180 in
426 3126 540 3195 general
555 3145 562 3192 ;
581 3125 601 3180 it
615 3125 743 3194 denotes‚
757 3124 870 3180 besides
883 3126 932 3180 the
944 3123 1104 3179 restitution
1116 3123 1150 3178 of
1157 3121 1328 3194 possession,
1342 3137 1374 3177 as

225 3210 255 3266 in
268 3210 343 3264 unde
353 3209 389 3278 vi,
400 3210 441 3278 §6
454 3209 511 3279 int,
522 3209 561 3279 (r)
573 3209 697 3279 delivery
705 3209 738 3263 of
746 3207 910 3279 possession
919 3209 1012 3264 where
1025 3225 1099 3262 none
1112 3208 1164 3262 has
1178 3206 1318 3277 preceded
1330 3207 1373 3276 (as

226 3295 255 3350 in
265 3311 384 3366 quorum
393 3294 540 3363 bonorum,
551 3293 565 3361 §
576 3293 661 3362 3inf.)
675 3310 682 3361 3
701 3293 741 3363 (a)
755 3294 803 3347 the
816 3293 941 3347 removal
950 3293 983 3346 of
992 3309 1010 3347 a
1019 3291 1155 3346 nuisance
1165 3307 1197 3345 or
1207 3289 1372 3346 demolition

225 3378 258 3432 of
267 3394 304 3432 an
316 3377 448 3432 unlawsul
462 3386 608 3446 structure,
623 3375 688 3444 Dig.
702 3390 746 3444 43.
760 3377 783 3431 8.
798 3389 822 3431 2.
837 3387 870 3444 35
884 3375 942 3429 and
954 3389 998 3443 43.

262 3463 319 3516 For
337 3462 385 3515 the
404 3459 538 3530 meaning
550 3460 582 3514 of
597 3459 795 3514 exhibitorium
813 3458 870 3513 and
886 3458 1020 3514 exhibere
1032 3474 1080 3514 see
1093 3473 1130 3512 on
1143 3457 1200 3513 Tit.
1213 3457 1237 3513 6.
1252 3471 1283 3526 3¹
1299 3472 1373 3526 supr.

226 3543 401 3614 Theophilus
414 3541 564 3598 illustrates
578 3543 626 3597 the
642 3541 773 3597 interdict
790 3543 829 3611 by
841 3540 932 3596 which
949 3543 999 3598 the
1016 3551 1129 3612 praetor
1142 3541 1237 3597 ‘iubet
1250 3535 1374 3596 exhiberi

226 3645 291 3684 eum
310 3627 389 3682 cuius
407 3627 443 3681 de
459 3626 589 3682 libertate
608 3625 717 3696 agitur'
736 3627 774 3696 by
792 3625 893 3696 saying
912 3625 1083 3695 ἀποκρύπτεις
1101 3627 1147 3680 τὸν
1166 3625 1230 3694 ἐμὸν
1250 3625 1375 3696 ἀδελφόν,

225 3710 310 3782 λέγων
329 3711 406 3764 ateis
424 3705 487 3762 εἶναι
506 3709 601 3763 δοῦλον
622 3711 680 3778 σόν,
699 3709 764 3776 ἐμοῦ
785 3709 946 3779 βουλομένου
965 3711 1023 3780 περὶ
1046 3711 1092 3778 τῆς
1115 3709 1194 3764 αὐτοῦ
1218 3707 1375 3763 δικάσασθαι

225 3793 390 3864 ἐλευθερίως
415 3789 436 3846 it
458 3809 515 3846 was
540 3792 606 3848 thus
631 3809 649 3846 a
673 3791 803 3848 different
827 3793 944 3863 remedy
965 3795 1037 3849 from
1060 3794 1109 3848 the
1133 3791 1314 3848 interdictum
1339 3791 1376 3848 de

227 3877 341 3932 homine
359 3875 447 3930 libero
466 3875 635 3943 exhibendo,
648 3875 740 3931 which
759 3877 806 3946 lay
818 3877 885 3947 only
897 3877 940 3931 ior
952 3878 1001 3933 the
1013 3875 1181 3948 production
1195 3877 1227 3930 of
1242 3893 1260 3930 a
1272 3891 1375 3946 person

227 3962 322 4016 whose
335 3960 392 4015 free
406 3969 496 4014 status
509 3977 566 4014 was
579 3970 629 4015 not
642 3959 829 4031 questioned:
848 3959 948 4031 ‘plane
967 3959 991 4016 si
1010 3959 1129 4030 dubitat,
1141 3969 1235 4014 utrum
1252 3959 1323 4014 liber
1339 3975 1375 4013 an

227 4061 325 4100 servus
343 4042 387 4112 sit,
406 4043 450 4098 vel
469 4043 536 4098 facit
555 4053 646 4098 status
665 4043 894 4114 controversiam,
908 4043 1099 4099 recedendum
1111 4043 1164 4098 erit
1176 4043 1213 4097 ab
1226 4044 1281 4098 hoc
1294 4042 1377 4098 inter-

228 4127 304 4182 dicto
322 4137 350 4182 et
370 4127 482 4196 agenda
498 4143 585 4182 causa
601 4127 758 4194 libertatis3
777 4126 883 4182 etenim
900 4137 978 4182 recte
997 4126 1102 4197 placuit
1115 4137 1182 4182 tunc
1195 4125 1310 4180 demum
1322 4127 1377 4180 hoc

228 4210 409 4266 interdictum
427 4211 521 4265 locum
539 4210 653 4280 habere,
667 4208 798 4282 quotiens
817 4209 880 4280 quis
896 4225 948 4280 pro
961 4220 1039 4266 ceno
1051 4209 1122 4265 liber
1134 4219 1197 4264 est:
1216 4219 1341 4264 ceterum
1353 4207 1376 4264 si

228 4304 379 4366 quaeratur
388 4293 425 4349 de
435 4303 518 4364 statu,
529 4309 586 4348 non
596 4304 707 4365 oportet
720 4292 924 4364 praeiudicium
938 4293 996 4349 fieri
1010 4293 1120 4350 alienae
1128 4292 1297 4364 cognitioni’
1310 4291 1375 4362 Dig.

229 4393 272 4447 43·
287 4393 329 4448 29·
343 4392 366 4446 3·
381 4389 408 4445 7·
1368 4418 1372 4427 ·

264 4465 288 4521 F
291 4479 323 4517 or
340 4463 388 4517 the
406 4459 622 4533 productiones
635 4477 653 4518 a
671 4460 788 4518 libertus
802 4460 862 4517 ‘cui
881 4472 1018 4533 patronus
1036 4477 1138 4534 operas
1157 4459 1281 4517 indicere
1296 4457 1378 4516 velit'
