3112 5016
230 283 295 368 506
433 292 507 348 INS
511 293 581 347 TIT
584 291 639 347 UT
637 292 784 348 IONUM
801 291 922 347 LIBRI
939 291 1176 364 QUATTUOR.
1262 297 1378 364 [bihlv.

231 478 328 521 suum
353 457 506 523 dominus
533 457 688 542 consequi
714 479 780 523 non
807 457 921 542 possit,
945 453 1008 542 ipsi
1031 459 1166 525 domino
1189 459 1266 526 surti
1292 462 1378 526 actio

232 562 401 642 competit,
431 563 510 644 quia
539 561 602 626 hoc
633 582 709 626 casu
740 562 843 644 ipsius
876 561 1012 626 interest
1042 583 1112 626 rem
1142 564 1267 628 salvam
1297 585 1376 628 esse.

232 665 321 727 idern
348 675 399 728 est
425 676 458 729 et
488 667 515 728 si
547 667 580 728 in
606 677 701 749 parte
730 665 889 730 solvendo
914 667 980 729 sint
1005 666 1086 730 fullo
1113 678 1169 731 aut
1194 669 1378 732 sarcinator.

185 777 219 832 16
234 766 329 850 Quae
353 769 396 832 de
423 768 548 832 lullone
572 779 606 833 et
631 771 831 834 sarcinatore
857 770 1015 844 diximus,
1036 773 1154 834 eadem
1181 782 1215 835 et
1238 773 1377 836 adeum

232 873 284 936 cui
315 875 526 937 commodata
553 895 603 937 res
633 885 684 939 est
714 875 940 938 transferenda
967 885 1095 939 veteres
1125 875 1378 940 existimabant:

233 996 310 1038 narn
335 987 371 1039 ut
398 977 453 1040 ille
479 977 561 1041 sullo
588 981 773 1042 mercedem
800 979 992 1060 accipiendo
1016 981 1201 1043 custodiam
1225 989 1380 1062 praestat,

232 1081 277 1143 ita
294 1081 321 1144 is
336 1103 477 1164 quoque,
493 1083 548 1164 qui
564 1085 776 1147 commodum
794 1083 907 1147 utendi
924 1085 1072 1166 percipit,
1088 1084 1237 1148 similiter
1249 1105 1381 1148 necesse

232 1184 334 1251 habet
363 1189 548 1250 custodiam
580 1197 758 1271 praestare.
815 1189 874 1251 sed
906 1197 1017 1251 nostra
1047 1189 1253 1270 providentia
1280 1190 1380 1253 etiam

232 1290 295 1355 hoc
316 1293 349 1354 in
365 1292 584 1355 decisionibus
605 1293 724 1356 nostris
741 1293 939 1368 emendavit,
955 1303 992 1356 ut
1012 1293 1044 1356 in
1065 1295 1191 1358 domini
1206 1295 1249 1358 sit
1267 1294 1381 1357 volun·

233 1404 314 1470 tate,
338 1395 406 1458 sive
428 1397 631 1460 commodati
654 1398 818 1460 actionem
841 1397 999 1460 adversus
1023 1417 1097 1460 eum
1121 1399 1177 1480 qui
1200 1419 1268 1460 rem
1291 1419 1381 1461 com-

234 1500 404 1562 modatam
428 1501 554 1582 accepit
579 1521 710 1565 movere
733 1502 911 1576 desiderat,
936 1501 1004 1565 sive
1026 1501 1102 1564 lurti
1126 1503 1281 1566 adversus
1306 1523 1381 1565 eum

233 1603 289 1685 qui
317 1624 385 1666 rem
413 1604 583 1686 subripuit,
609 1615 643 1669 et
667 1606 823 1670 altemtra
849 1626 961 1668 carum
989 1605 1093 1670 electa
1120 1607 1291 1670 dominum
1316 1627 1381 1669 non

234 1728 331 1790 posse
361 1727 405 1770 ex
433 1709 634 1790 paenitentia
663 1711 706 1773 ad
737 1709 875 1773 alteram
901 1710 1012 1773 venire
1037 1710 1211 1774 actionem.
1266 1711 1324 1774 sed
1353 1711 1383 1773 si

233 1811 367 1893 quidem
384 1811 490 1874 furem
507 1813 650 1895 elegerit,
667 1813 759 1876 illum
774 1814 830 1896 qui
846 1834 916 1877 rem
932 1815 1090 1878 utendam
1109 1815 1235 1897 accepit
1250 1817 1383 1898 penitus

234 1915 374 1979 liberari.
417 1917 466 1980 sin
497 1928 610 1982 autem
640 1920 870 1982 commodator
894 1919 1006 1982 veniat
1034 1919 1190 1982 adversus
1221 1939 1296 1982 eum
1325 1919 1382 2000 qui

235 2039 304 2084 rem
334 2022 493 2084 utendam
524 2024 660 2105 accepit,
689 2023 750 2105 ipsi
781 2023 916 2104 quidem
947 2021 1038 2086 nullo
1069 2023 1169 2086 modo
1196 2031 1383 2106 competere

234 2145 332 2206 posse
363 2127 519 2190 adversus
545 2126 651 2190 furem
682 2126 759 2190 furti
786 2127 959 2206 actionem,
987 2147 1062 2190 eum
1092 2137 1214 2203 autem,
1241 2129 1297 2209 qui
1323 2146 1382 2208 pro

235 2249 270 2292 re
288 2231 500 2294 commodata
520 2232 720 2306 convenitur,
742 2251 839 2314 posse
859 2233 1016 2295 adversus
1036 2231 1141 2296 furem
1162 2231 1239 2295 surti
1261 2231 1384 2296 habere

235 2335 409 2409 actionem,
433 2334 480 2397 ita
501 2342 622 2410 tamen,
645 2335 672 2398 si
696 2333 850 2396 dominus
874 2333 979 2396 sciens
1003 2355 1071 2397 rem
1097 2355 1169 2397 csse
1192 2334 1382 2416 subreptam

235 2437 390 2500 adversus
418 2458 493 2500 eum
520 2440 572 2502 cui
603 2459 653 2502 res
679 2437 890 2501 commodata
918 2437 979 2502 luit
1003 2439 1171 2520 pervenit:
1195 2439 1244 2502 sin
1271 2449 1383 2502 autem

235 2542 363 2604 nescius
386 2551 419 2605 et
442 2542 597 2606 dubitans
620 2563 688 2605 rem
712 2561 777 2605 non
800 2563 871 2605 esse
893 2543 983 2624 apud
1005 2564 1080 2606 eum
1105 2543 1306 2607 commodati
1329 2563 1383 2606 ac·

235 2645 360 2708 tionem
385 2647 535 2724 instituit,
559 2655 675 2728 postea
701 2655 812 2708 autem
839 2666 873 2708 re
898 2656 1066 2728 comperta
1088 2646 1193 2710 voluit
1217 2647 1383 2710 remittere

235 2749 370 2830 quidem
392 2751 594 2815 commodati
617 2749 791 2824 actionem,
810 2751 852 2813 ad
873 2749 949 2813 surti
972 2761 1084 2814 autem
1107 2751 1284 2833 pervenire,
1304 2760 1383 2814 tunc

236 2851 366 2916 licentia
382 2854 411 2916 ei
428 2855 628 2918 concedatur
643 2863 676 2917 et
692 2855 847 2917 adversus
862 2853 967 2916 furem
983 2855 1092 2918 venire
1108 2853 1197 2917 nullo
1213 2853 1383 2917 obstaculo

236 2955 265 3019 ei
292 2957 499 3039 opponend0,
527 2959 682 3040 quoniam
708 2959 850 3020 incertus
874 2958 1072 3021 constitutus
1099 2957 1202 3021 movit
1228 2957 1384 3021 adversus

235 3081 310 3124 eum
344 3064 399 3144 qui
431 3084 500 3126 rem
531 3065 689 3127 utendam
720 3063 847 3145 accepit
881 3063 1083 3126 commodati
1114 3063 1277 3126 actionem
1308 3059 1383 3146 (nisi

236 3166 371 3229 domino
387 3167 429 3230 ab
448 3187 487 3230 eo
508 3168 712 3231 satisfactum
734 3176 802 3230 est:
827 3176 905 3229 tunc
927 3167 1049 3230 etenim
1070 3166 1263 3229 omnimodo
1279 3165 1383 3228 iurem

235 3289 255 3332 a
272 3271 407 3334 domino
422 3272 556 3355 quidem
572 3271 649 3334 furti
664 3271 795 3334 actione
812 3270 950 3345 liberari,
963 3271 1169 3352 suppositum
1185 3279 1297 3334 autem
1313 3289 1385 3332 esse

237 3375 275 3452 ei,
297 3375 353 3456 qui
376 3397 436 3458 pro
460 3397 493 3440 re
517 3377 578 3440 sibi
602 3376 813 3440 commodata
832 3375 966 3438 domino
987 3371 1166 3459 satisfecit),
1183 3395 1258 3437 cum
1282 3373 1385 3436 mani-

235 3477 448 3543 festissimum
471 3492 529 3559 est,
546 3483 646 3544 etiam
668 3482 695 3544 si
716 3481 759 3544 ab
781 3481 873 3543 initio
888 3479 1041 3543 dominus
1060 3481 1224 3543 actionem
1244 3479 1385 3542 instituit

236 3585 438 3647 commodati
456 3587 587 3666 ignarus
610 3605 678 3648 rem
700 3605 771 3647 esse
791 3584 991 3665 subreptam,
1008 3592 1124 3666 postea
1144 3593 1256 3646 autem
1277 3582 1339 3646 hoc
1354 3581 1384 3644 ei

239 3838 278 3893 16.
306 3839 369 3892 The
382 3839 473 3893 words
487 3839 563 3894 idem
577 3847 619 3893 est
633 3847 661 3893 et
673 3839 697 3892 si
711 3880 717 3892 .
732 3879 738 3893 .
752 3879 759 3893 .
774 3837 930 3893 sarcinator
939 3839 1105 3908 apparently
1116 3839 1189 3894 refer
1200 3847 1230 3892 to
1243 3839 1384 3906 solvency,

236 3933 286 3976 not
300 3921 463 3992 insolvency
476 3942 482 3988 ;
501 3939 548 3976 see
561 3923 610 3977 the
622 3923 679 3976 end
692 3923 724 3976 of
734 3920 748 3992 ξ
766 3923 805 3977 16.
836 3924 863 3977 A
875 3923 951 3976 mala
963 3923 1019 3976 fide
1031 3939 1179 3991 possessor
1191 3921 1248 3976 had
1261 3939 1298 3976 no
1311 3921 1386 3976 actio

236 4005 310 4075 surti,
323 4007 430 4076 though
450 4008 499 4061 the
512 4017 645 4076 property
657 4023 714 4060 was
730 4016 759 4061 at
777 4006 819 4060 his
833 4005 899 4075 risk,
914 4005 980 4075 Dig.
993 4019 1037 4072 47.
1048 4020 1073 4059 2.
1087 4019 1127 4072 14.
1136 4021 1163 4072 4.
1194 4007 1256 4060 The
1270 4005 1386 4060 interest

236 4091 269 4143 us
283 4092 332 4144 the
345 4091 421 4144 bona
434 4091 489 4145 fide
502 4107 658 4160 possessor,
672 4089 701 4144 in
713 4089 803 4145 virtue
816 4089 848 4143 ol
863 4089 954 4143 which
967 4091 1003 4144 he
1017 4089 1100 4143 could
1113 4105 1172 4156 sue,
1185 4105 1242 4142 was
1254 4088 1299 4142 bis
1311 4087 1386 4158 right

238 4183 268 4228 to
281 4175 329 4228 the
341 4174 422 4229 fruits
442 4175 499 4228 and
512 4175 560 4228 the
573 4173 759 4244 interruption
773 4174 805 4228 of
817 4173 960 4243 usucapio,
974 4183 1023 4228 not
1036 4173 1080 4227 his
1094 4172 1212 4242 liability
1224 4183 1254 4226 to
1266 4173 1314 4226 the
1327 4171 1385 4226 real

237 4257 377 4326 dominus,
388 4257 478 4312 which
491 4259 612 4312 accrued
624 4259 691 4326 only
700 4259 771 4312 alter
783 4259 830 4312 the
844 4259 926 4312 latter
938 4257 995 4312 had
1005 4256 1104 4326 joined
1116 4256 1192 4312 issue
1205 4255 1271 4310 with
1283 4255 1343 4309 him
1356 4253 1385 4308 in

237 4355 273 4394 an
287 4340 380 4394 action
394 4351 423 4394 to
435 4341 572 4395 establish
585 4341 629 4396 his
642 4341 808 4412 ownership,
824 4341 888 4410 Dig.
905 4353 927 4410 5.
942 4355 966 4408 3.
980 4352 1022 4409 25.
1036 4351 1060 4406 7.

274 4421 345 4494 §16.
366 4425 427 4479 The
446 4426 512 4495 only
527 4424 624 4495 jurists
638 4427 700 4480 who
719 4435 748 4480 to
767 4443 818 4480 our
836 4425 1001 4493 knowledge
1021 4423 1169 4480 discussed
1183 4422 1239 4478 this
1255 4419 1385 4494 question
