3166 5022
251 333 312 418 196
452 341 556 398 INST
555 339 602 396 IT
606 339 659 396 UT
659 337 805 396 IONUM
823 337 942 393 LIBRI
960 337 1197 409 QUATTUOR.
1293 337 1397 405 [nuri

166 525 169 530 '
248 519 282 575 et
297 511 412 574 suerat.
442 509 527 573 adeo
542 514 655 570 autem
671 525 715 568 ex
735 523 784 579 e0,
801 524 845 566 ex
869 523 935 585 quo
954 503 1078 568 radices
1094 505 1163 587 agit
1179 503 1304 587 planta,
1320 525 1396 586 pro-

248 614 371 697 prietas
393 613 463 678 eius
485 617 719 684 commutatur,
734 616 781 684 ut,
803 608 831 670 si
850 606 948 670 vicini
971 607 1123 672 arborem
1147 608 1194 672 ita
1214 619 1302 673 terra
1316 607 1396 673 Titii

246 718 409 801 presserit,
425 717 511 782 utin
529 716 598 780 eius
613 713 751 778 fundum
767 711 893 776 radices
909 721 1031 794 ageret,
1047 709 1127 776 Titii
1146 713 1229 777 effici
1245 713 1397 777 arborem

247 820 405 885 dicimus:
429 821 590 885 rationem
616 816 739 882 etenim
764 835 831 878 non
855 817 1056 897 permittere,
1082 825 1120 880 ut
1143 815 1277 881 alterius
1300 817 1398 881 arbor

248 945 319 990 esse
343 923 562 1007 intellegatur,
586 941 686 1004 quam
711 920 804 984 cuius
827 918 860 981 in
885 918 1024 982 fundum
1049 920 1176 984 radices
1203 920 1332 1004 egisset.
1363 931 1397 985 et

248 1028 324 1092 ideo
346 1048 450 1112 prope
471 1026 650 1092 confinium
668 1023 767 1088 arbor
788 1023 898 1106 posita
920 1023 948 1086 si
971 1025 1072 1087 etiarn
1095 1023 1129 1087 in
1144 1025 1241 1088 vicini
1256 1025 1396 1090 fundum

201 1133 373 1197 32radices
403 1133 515 1215 egerit,
541 1129 726 1195 communis
754 1127 802 1191 fit.
858 1127 936 1209 Qua
962 1129 1088 1192 ratione
1114 1139 1227 1194 autem
1253 1129 1397 1214 plantae,

248 1257 335 1320 quae
357 1246 462 1300 terrae
477 1235 677 1309 coalescunt,
693 1233 766 1296 solo
787 1233 919 1309 cedunt,
942 1233 1060 1296 eadem
1083 1235 1211 1297 ratione
1232 1233 1398 1298 frumenta

248 1361 387 1422 quoque,
415 1361 501 1423 quae
527 1348 600 1404 sata
621 1345 709 1413 sunt,
734 1336 806 1400 solo
828 1336 944 1400 cedere
967 1335 1212 1418 intelleguntur.
1250 1347 1397 1402 ceterum

248 1445 332 1508 sicut
348 1445 374 1507 is
390 1445 446 1526 qui
462 1445 495 1506 in
510 1443 619 1507 alieno
637 1440 709 1505 solo
729 1439 962 1518 aedificaverit,
977 1441 1004 1503 si
1020 1441 1064 1504 ab
1080 1461 1120 1504 eo
1135 1442 1289 1506 dominus
1304 1451 1397 1526 petat

247 1548 443 1626 aedificium,
455 1547 587 1612 delendi
600 1555 712 1629 potest
724 1565 782 1628 per
792 1546 1025 1626 exceptionem
1041 1546 1109 1609 doli
1122 1545 1199 1608 mali
1215 1549 1396 1611 secundum

248 1671 389 1735 eaquae
406 1652 572 1716 diximus:
595 1651 643 1716 ita
662 1649 809 1714 eiusdem
832 1649 1038 1731 exceptionis
1059 1649 1186 1713 auxilio
1208 1659 1301 1714 tutus
1324 1670 1397 1714 esse

249 1766 359 1840 potest
375 1759 402 1820 is
418 1758 473 1839 qui
489 1755 633 1819 alienum
649 1753 789 1817 fundum
808 1773 868 1815 sua
888 1753 1040 1836 impensa
1054 1753 1143 1818 bona
1158 1753 1224 1818 fide
1239 1755 1397 1818 consevit.

201 1863 236 1918 33
249 1859 398 1924 Litterae
410 1881 551 1942 quoque,
558 1859 635 1923 licet
641 1877 759 1921 aureae
769 1857 843 1934 sint,
850 1855 987 1939 perinde
997 1857 1118 1922 chartis
1131 1858 1397 1940 membranisque

248 1965 378 2042 cedunt,
406 1962 472 2028 acsi
502 1961 574 2026 solo
599 1961 715 2027 cedere
741 1959 850 2026 solent
880 1981 1032 2044 eaquae
1058 1961 1310 2026 inaedificantur
1338 1971 1397 2026 aut

247 2067 453 2131 inseruntur:
483 2066 627 2149 ideoque
647 2067 674 2129 si
700 2065 733 2128 in
757 2063 880 2129 chartis
906 2064 1148 2130 membranisve
1174 2067 1240 2129 tuis
1264 2086 1397 2130 carmen

248 2170 301 2235 vel
325 2171 497 2236 historiam
521 2170 574 2234 vel
595 2171 778 2235 orationem
800 2167 911 2232 Titius
933 2169 1109 2251 scripserit,
1132 2168 1229 2235 huius
1252 2171 1397 2253 corporis

247 2295 313 2339 non
329 2274 447 2350 Titius,
463 2275 522 2338 sed
538 2283 574 2338 tu
591 2275 745 2338 dominus
761 2293 833 2352 esse
851 2272 1011 2336 iudiceris.
1042 2273 1100 2336 sed
1117 2273 1144 2338 si
1160 2293 1180 2336 a
1195 2273 1287 2338 Titio
1302 2283 1397 2357 petas

247 2387 323 2442 tuos
339 2378 439 2442 libros
461 2387 577 2442 tuasve
598 2369 807 2441 membranas
829 2396 902 2441 esse
924 2395 984 2441 nec
1008 2376 1194 2459 impensam
1217 2378 1398 2461 scripturae

247 2479 374 2546 solvere
386 2491 520 2564 paratus
532 2481 585 2558 sis,
594 2481 716 2563 poterit
730 2501 766 2544 se
781 2479 890 2546 Titius
902 2479 1079 2544 defendere
1089 2501 1148 2563 per
1163 2481 1396 2564 exceptionem

248 2584 316 2648 doli
343 2585 431 2660 mali,
456 2586 571 2667 utique
590 2586 617 2649 si
637 2585 726 2649 bona
752 2584 818 2648 fide
842 2605 955 2648 earum
978 2585 1165 2650 chartarum
1189 2586 1398 2650 membrana·

200 2687 234 2744 ³4
249 2707 363 2751 rumve
387 2691 629 2772 possessionem
654 2699 794 2753 nanctus
818 2698 879 2753 est.
934 2688 970 2753 Si
995 2691 1069 2771 quis
1091 2690 1125 2752 in
1151 2689 1259 2753 aliena
1282 2689 1397 2754 tabula

247 2791 401 2874 pinxerit,
417 2793 553 2873 quidam
576 2801 695 2874 putant
717 2792 867 2856 tabulam
890 2793 1038 2874 picturae
1056 2794 1192 2858 cedere:
1215 2793 1287 2857 aliis
1305 2794 1397 2858 vide-

247 2903 302 2958 tur
331 2894 503 2976 picturam,
525 2895 775 2978 qualiscumque
804 2895 856 2971 sit,
887 2895 1021 2960 tabulae
1051 2897 1177 2961 cedere.
1219 2897 1277 2960 sed
1301 2897 1397 2962 nobis

246 2995 378 3062 videtur
401 2997 519 3062 melius
542 3019 614 3062 esse
637 2997 787 3063 tabulam
811 2998 959 3082 picturae
982 3001 1118 3064 cedere:
1150 2999 1323 3064 ridiculum
1346 3011 1398 3066 est

249 3100 337 3164 enim
353 3102 516 3184 picturam
534 3101 666 3187 Apellis
680 3102 734 3166 vel
758 3103 919 3167 Parrhasii
935 3103 968 3167 in
983 3105 1204 3167 accessionem
1219 3103 1397 3168 vilissimae

247 3203 381 3269 tabulae
403 3205 529 3271 cedere.
573 3207 662 3272 unde
684 3207 711 3270 si
732 3228 753 3272 a
775 3208 911 3272 domino
935 3207 1069 3272 tabulae
1092 3207 1270 3291 imaginem
1293 3209 1397 3290 possi·

249 3308 349 3372 dente
373 3310 401 3373 is
425 3311 481 3392 qui
507 3309 618 3394 pinxit
647 3331 721 3375 eam
747 3320 842 3394 petat
868 3332 929 3375 nec
954 3310 1061 3376 solvat
1086 3314 1229 3395 pretium
1253 3311 1397 3390 tabulae,

247 3412 370 3494 poterit
394 3434 452 3496 per
476 3416 707 3498 exceptionem
730 3415 800 3479 doli
825 3413 902 3478 mali
926 3415 1145 3480 summoveri:
1176 3424 1212 3478 at
1236 3415 1263 3479 si
1287 3417 1315 3479 is
1339 3415 1396 3498 qui

246 3515 357 3597 pinxit
371 3518 549 3599 possideat,
561 3539 766 3600 consequens
782 3527 840 3598 est,
856 3527 894 3582 ut
909 3518 998 3582 utilis
1012 3519 1100 3582 actio
1111 3518 1246 3582 domino
1263 3517 1396 3584 tabulae

247 3618 406 3683 adversus
429 3641 505 3684 eum
525 3622 629 3700 detur,
652 3641 719 3704 quo
742 3641 830 3700 casu,
852 3623 880 3685 si
902 3641 968 3685 non
993 3622 1099 3685 solvat
1119 3622 1304 3704 impensam
1326 3623 1396 3704 pic·

246 3729 349 3802 turae,
365 3725 486 3806 poterit
501 3745 560 3806 per
575 3725 808 3807 exceptionem
824 3725 892 3790 doli
908 3723 986 3789 mali
1002 3724 1124 3808 repelli,
1136 3727 1250 3808 utique
1265 3725 1292 3788 si
1308 3724 1397 3790 bona

247 3825 315 3890 fide
339 3846 508 3910 possessor
530 3829 630 3893 suerit
650 3828 706 3894 ille
725 3830 782 3913 qui
806 3830 970 3914 picturam
996 3831 1163 3913 imposuit.
1204 3829 1284 3893 illud
1306 3829 1396 3894 enirn

245 4043 305 4101 tion
323 4045 395 4100 hom
412 4045 460 4101 the
478 4044 531 4100 soil
550 4053 579 4100 to
598 4047 647 4102 the
665 4047 769 4102 latter’s
786 4061 889 4115 owner,
901 4047 950 4102 the
968 4063 1070 4102 reason
1083 4047 1147 4116 why
1159 4047 1226 4117 they
1238 4063 1312 4102 were
1329 4047 1396 4101 thus

244 4129 355 4185 treated
368 4129 525 4200 differently
537 4129 610 4185 from
628 4129 771 4185 materials
784 4130 855 4186 used
872 4131 915 4184 sor
926 4129 1054 4199 building
1066 4129 1153 4200 being
1169 4131 1230 4185 that
1243 4131 1310 4198 they
1322 4146 1396 4185 were

244 4229 282 4267 no
301 4213 399 4283 longer
416 4214 490 4268 what
509 4214 576 4283 they
588 4213 646 4269 had
664 4214 755 4271 been:
775 4213 857 4268 ‘nam
872 4213 1006 4269 credibile
1024 4223 1067 4270 est
1080 4213 1136 4268 alio
1152 4223 1244 4269 terrae
1261 4213 1397 4268 alimento

244 4297 330 4352 aliam
342 4297 462 4352 sactam’
475 4297 541 4367 Dig.
554 4313 598 4364 41.
615 4313 636 4352 1.
649 4298 675 4354 6.
689 4313 712 4352 1.

280 4381 295 4448 §
309 4383 357 4436 84.
378 4381 466 4436 Gaius
480 4379 520 4450 (ii.
534 4381 579 4449 78)
592 4381 718 4436 remarks
732 4397 768 4436 on
782 4381 830 4436 the
843 4381 1115 4436 unreasonableness
1128 4379 1161 4435 ol
1170 4377 1292 4449 treating
1303 4377 1396 4450 paint-

244 4461 307 4532 ings
320 4461 478 4536 differently
489 4463 562 4520 from
575 4463 711 4536 writings,
723 4464 780 4520 and
793 4463 821 4520 in
835 4463 902 4536 Dig.
914 4463 939 4520 6.
956 4477 979 4520 1.
993 4478 1035 4534 23.
1048 4477 1064 4534 3
1077 4463 1188 4534 exacrly
1199 4463 1248 4518 the
1264 4461 1397 4534 opposite
