3112 5016
171 292 221 341 ru.
235 285 270 352 3]
531 285 591 340 aa
612 285 726 342 raca
747 285 936 358 neuram.
1255 298 1316 367 511

171 451 343 534 pignerata
367 449 436 514 sive
458 450 610 534 deposita
632 453 675 518 sit
697 455 786 536 apud
809 453 935 518 Titium
958 453 1013 533 sic,
1037 464 1074 520 ut
1100 455 1227 520 intersit
1252 458 1320 522 eius

172 575 246 619 eam
279 575 345 619 non
372 554 500 634 auferri,
529 557 631 622 veluti
662 559 689 620 si
719 559 752 621 in
784 579 818 622 re
847 559 998 641 deposita
1027 561 1159 642 culpam
1188 577 1330 644 quoque·

171 660 331 742 promisit,
350 661 418 723 sive
444 661 533 726 bona
559 661 625 726 fide
648 663 826 744 possideat,
848 666 916 727 sive
939 685 1034 727 usum
1061 663 1202 730 fructum
1226 668 1258 730 in
1281 687 1321 730 ea

172 765 246 846 quis
271 763 395 828 habeat
420 764 473 828 vel
499 767 589 848 quod
616 765 706 830 aliud
737 769 796 842 ius,
824 779 860 832 ut
890 768 1018 832 intersit
1045 769 1114 832 eius
1138 790 1204 833 non
1231 772 1320 853 rapi:

172 869 350 932 dicendum
370 877 420 932 est
438 880 625 952 competere
645 872 674 935 ei
698 871 783 936 hanc
806 872 982 949 actionem,
999 882 1117 936 utnon
1137 875 1321 938 dominium

172 973 323 1056 accipiat,
351 973 409 1036 sed
434 973 514 1038 illud
544 976 660 1051 solum,
685 977 775 1058 quod
806 997 849 1040 ex
876 977 971 1041 bonis
995 978 1064 1040 eius
1090 979 1146 1060 qui
1172 979 1320 1060 rapinam

173 1098 288 1160 passus
307 1087 365 1155 est,
386 1079 419 1142 id
443 1087 493 1143 est
515 1081 604 1168 quod
626 1102 670 1145 ex
693 1083 878 1146 substantia
902 1083 971 1145 eius
988 1082 1138 1146 ablatum
1157 1104 1228 1146 esse
1246 1104 1321 1165 pro·

173 1193 323 1264 ponatur.
368 1192 401 1246 et
421 1185 618 1266 generaliter
637 1187 814 1250 dicendum
835 1195 894 1266 est,
911 1208 955 1250 ex
977 1187 1097 1268 quibus
1118 1188 1224 1251 causis
1245 1187 1322 1252 furti

173 1287 261 1350 actio
276 1289 435 1368 competit
450 1289 483 1352 in
500 1309 534 1353 re
548 1289 636 1354 clam
650 1290 745 1372 facta,
762 1313 806 1357 ex
823 1291 929 1356 isdem
945 1293 1051 1356 causis
1070 1311 1185 1356 omnes
1201 1291 1323 1360 habere

173 1389 258 1455 hanc
274 1390 446 1458 actionem.

720 1533 783 1597 Ill.

569 1711 618 1760 na
642 1709 738 1761 Laos
760 1709 929 1773 nouum.

221 1855 344 1920 Damni
381 1857 516 1922 iniuriae
550 1859 637 1923 actio
671 1859 880 1924 constituitur
912 1880 971 1942 per
1003 1860 1110 1944 legem
1141 1859 1324 1944 Aquiliam.

177 1961 268 2024 cuius
295 1963 402 2044 primo
426 1963 534 2044 capite
554 1973 686 2028 cautum
706 1973 765 2043 est,
786 1973 823 2028 ut
845 1963 871 2028 si
895 1964 968 2046 quis
990 1963 1159 2028 hominem
1180 1966 1325 2028 alienum

176 2065 361 2130 alienamve
387 2068 638 2149 quadrupedem
669 2089 754 2151 quae
780 2069 944 2150 pecudum
971 2089 1107 2132 numero
1137 2069 1179 2132 sit
1209 2069 1326 2132 iniuria
1423 2115 1429 2124 .

177 2169 339 2248 occiderit,
352 2171 468 2253 quanti
486 2191 524 2234 ea
540 2191 591 2234 res
607 2172 640 2234 in
657 2193 696 2236 eo
712 2193 799 2236 anno
815 2173 947 2254 plurimi
963 2173 1032 2250 suit,
1044 2181 1174 2236 tanturn
1191 2173 1326 2236 domino

177 2425 226 2479 the
238 2424 398 2480 bonitarian
410 2426 525 2480 formos
534 2426 624 2481 which
634 2428 683 2482 the
693 2427 795 2498 phrase
810 2425 855 2481 ‘in
866 2427 948 2482 bonis
959 2427 1079 2482 habere'
1091 2444 1148 2483 was
1158 2425 1308 2497 employed
1320 2445 1327 2494 ;

178 2508 234 2562 this
244 2526 337 2564 seems
347 2509 423 2563 clear
432 2510 503 2564 from
514 2511 562 2565 the
571 2511 710 2580 language
724 2511 846 2565 towards
859 2511 908 2566 the
921 2511 977 2566 end
991 2511 1023 2564 of
1037 2512 1085 2566 the
1098 2511 1267 2581 paragraph,
1281 2509 1326 2565 ‘ut

178 2607 235 2644 non
255 2591 412 2646 dominium
427 2592 556 2662 accipiat,
574 2593 625 2648 sed
642 2593 711 2648 illud
733 2594 833 2662 solum,
856 2593 933 2664 quod
953 2609 987 2648 ex
1007 2593 1090 2648 bonis
1109 2593 1188 2648 eius.
1203 2633 1210 2647 .
1224 2633 1230 2647 .
1245 2595 1261 2648 .’
1293 2595 1327 2647 In

179 2675 260 2729 other
272 2693 408 2746 passages
422 2675 450 2731 in
463 2676 545 2732 bonis
558 2677 616 2731 and
628 2694 663 2732 ex
675 2675 757 2732 bonis
770 2695 818 2731 are
831 2687 880 2731 not
899 2676 1115 2746 distinguished,
1128 2695 1151 2732 e.
1163 2694 1188 2748 g.
1204 2676 1270 2746 Dig.
1286 2688 1326 2745 50.

182 2758 221 2812 16.
235 2773 289 2828 493
306 2773 349 2826 41.
367 2775 389 2812 1.
401 2775 435 2826 42
448 2778 455 2827 ;
474 2773 517 2829 35.
531 2775 556 2814 2.
570 2775 611 2829 32.
628 2775 650 2828 1,
663 2761 756 2815 where
769 2760 797 2815 in
812 2760 895 2815 bonis
908 2762 960 2815 has
974 2762 1043 2815 such
1056 2778 1073 2816 a
1086 2760 1158 2815 wide
1171 2777 1253 2816 sense
1267 2761 1328 2814 that

179 2841 299 2910 nothing
311 2859 403 2896 seems
416 2853 446 2896 to
459 2843 495 2898 be
508 2843 556 2897 left
569 2844 612 2896 sor
624 2861 658 2898 ex
670 2843 753 2897 bonis
766 2853 795 2898 to
808 2843 926 2898 include.
955 2845 1017 2898 The
1027 2843 1190 2898 distinction
1200 2844 1328 2898 between

179 2924 228 2978 the
241 2941 358 2993 persons
372 2926 434 2978 who
448 2925 531 2979 could
544 2943 594 2980 sue
607 2943 644 2980 on
661 2927 741 2994 thelt,
752 2927 809 2980 and
817 2927 899 2982 those
912 2927 975 2980 who
989 2927 1072 2982 could
1086 2945 1135 2982 sue
1148 2945 1185 2982 on
1198 2927 1328 2996 robbery,

180 3023 273 3060 seems
286 3019 316 3060 to
329 3007 435 3062 consist
449 3007 477 3061 in
490 3009 539 3062 the
552 3009 714 3078 depositary
726 3009 812 3078 being
824 3008 853 3063 in
869 3027 948 3064 some
961 3027 1042 3065 cases
1054 3011 1173 3064 allowed
1186 3013 1234 3065 the
1247 3011 1330 3064 latter

180 3090 273 3144 where
285 3091 322 3144 he
335 3091 419 3144 could
432 3101 481 3144 not
493 3091 577 3160 bring
593 3091 641 3146 the
660 3091 764 3146 former
780 3091 883 3162 action,
897 3109 929 3146 or
941 3095 1063 3163 perhaps
1077 3093 1105 3146 in
1119 3110 1198 3149 some
1211 3109 1329 3164 persons

182 3171 286 3242 having
303 3174 352 3228 the
370 3173 445 3227 actio
462 3173 602 3227 bonorum
621 3173 648 3227 vi
667 3183 811 3244 raptorum
831 3175 901 3243 who,
915 3176 1022 3244 though
1036 3176 1141 3244 having
1154 3194 1189 3230 an
1204 3177 1328 3242 interest,

181 3255 254 3310 bave
267 3273 305 3310 no
317 3257 375 3310 real
389 3255 471 3324 right,
486 3255 659 3327 possession,
674 3273 707 3309 or
725 3255 870 3310 detention
885 3276 892 3322 3
913 3255 1022 3312 ‘utilius
1040 3257 1192 3312 dicendum
1211 3269 1263 3325 est,
1276 3257 1329 3312 etsi

181 3349 273 3394 cesset
292 3338 367 3394 actio
383 3339 447 3394 furti
468 3340 505 3394 ob
524 3357 584 3394 rem
603 3339 771 3409 depositam,
784 3355 848 3394 esse
867 3349 963 3394 tamen
982 3339 1009 3394 vi
1028 3340 1167 3395 bonorum
1185 3350 1330 3410 raptorum

181 3423 330 3492 actionem,
350 3423 416 3494 quia
434 3440 491 3477 non
511 3423 629 3478 minima
647 3423 806 3478 differentia
824 3433 867 3477 est
887 3422 960 3477 inter
978 3440 1052 3491 eum,
1066 3423 1112 3494 qui
1127 3425 1200 3478 clam
1213 3423 1288 3492 lacit,
1302 3433 1330 3478 et

180 3524 254 3576 eum,
265 3507 311 3578 qui
325 3507 406 3578 rapit,
419 3525 484 3562 curn
497 3507 543 3563 ille
557 3507 628 3562 celet
641 3525 723 3562 suurn
737 3506 879 3575 delictum,
892 3506 938 3561 hic
950 3506 1074 3576 publicet
1084 3517 1112 3562 et
1125 3507 1231 3562 crimen
1244 3505 1331 3562 etiarn

181 3591 324 3662 publicum
345 3591 483 3647 admittat.
522 3591 552 3647 Si
578 3591 640 3662 quis
662 3590 747 3660 igitur
765 3590 900 3645 interesse
926 3607 978 3646 sua
1002 3592 1046 3646 vel
1071 3591 1183 3646 modice
1208 3588 1331 3660 docebit,

182 3675 266 3730 debet
279 3677 384 3730 habere
397 3675 423 3730 vi
436 3675 575 3731 bonorum
588 3684 733 3745 raptorum
746 3673 902 3730 actionem³
916 3673 982 3745 Dig.
994 3687 1036 3741 47.
1052 3675 1077 3729 8.
1091 3690 1114 3729 2.
1129 3689 1170 3742 24.

218 3760 280 3814 The
299 3757 427 3813 criminal
445 3759 611 3814 alternative
627 3758 670 3813 sor
682 3759 730 3814 the
743 3758 808 3814 civil
820 3758 914 3812 action
927 3774 964 3811 on
978 3757 1099 3826 robbery
1111 3775 1168 3812 was
1181 3774 1218 3812 an
1231 3756 1332 3811 indict·
1429 3747 1433 3756 '

183 3852 260 3896 ment
270 3842 360 3897 under
369 3843 417 3898 the
427 3843 472 3898 lex
483 3843 555 3899 iulia
568 3843 604 3898 de
616 3842 652 3912 vi,
665 3842 708 3898 lor
720 3843 768 3899 the
780 3840 918 3914 penalties
931 3840 1057 3896 inflicted
1069 3841 1107 3911 by
1116 3841 1207 3896 which
1218 3859 1265 3897 see
1275 3840 1332 3896 Tit.

186 3928 225 3982 18.
240 3927 256 3980 8
269 3926 316 3980 inf.

218 4013 279 4065 1¹11.
292 4011 354 4064 111.
373 4007 447 4064 ‘Lex
460 4009 574 4080 Aquilia
586 4009 719 4064 omnibus
732 4009 849 4078 legibus,
861 4025 934 4079 quae
946 4016 1012 4062 ante
1025 4023 1056 4062 se
1067 4007 1102 4062 de
1113 4007 1218 4062 damno
1231 4003 1333 4062 iniuria

183 4095 295 4147 locutae
313 4101 387 4160 sunt,
406 4091 551 4160 derogavit
566 4091 730 4162 (repealed)‚
744 4092 803 4146 sive
820 4090 971 4146 duodecim
988 4090 1092 4144 tabulis
1109 4090 1168 4145 sive
1185 4089 1242 4144 alia
1259 4105 1332 4160 quae

184 4176 244 4243 suit,
264 4193 334 4246 quas
356 4175 433 4244 leges
453 4192 528 4229 nunc
550 4176 652 4230 referre
674 4192 731 4229 non
753 4185 795 4229 est
817 4191 941 4230 necesse.
981 4174 1062 4242 Quae
1080 4174 1125 4228 lex
1142 4173 1256 4242 Aquilia
1274 4173 1333 4241 ple·

183 4259 317 4314 biscitum
332 4267 384 4325 est,
397 4274 461 4311 cum
479 4275 543 4312 earn
561 4257 699 4328 Aquilius,
712 4257 839 4312 tribunus
857 4257 956 4326 plebis,
970 4273 987 4310 a
1000 4255 1083 4326 plebe
1097 4255 1252 4324 rogaverit’
1266 4253 1332 4323 Dig.

185 4357 209 4412 9.
224 4358 247 4396 a.
265 4357 286 4396 1.
301 4359 341 4412 pr.
355 4361 361 4408 ;
381 4341 416 4396 its
429 4341 504 4410 date,
518 4341 671 4410 according
686 4351 716 4395 to
728 4340 911 4411 Theophilus,
924 4357 981 4394 was
994 4341 1043 4394 the
1056 4337 1132 4394 third
1148 4337 1291 4393 secession
1304 4339 1338 4392 ol

184 4427 233 4490 the
246 4425 335 4500 plebs,
349 4424 414 4484 circ.
429 4437 455 4481 Β.
464 4437 489 4482 c.
505 4425 564 4494 287.
602 4425 665 4481 The
678 4433 764 4481 terms
777 4424 810 4480 ol
821 4441 881 4497 cap.
896 4422 914 4481 i.
927 4439 975 4480 are
987 4421 1139 4495 preserved
1151 4422 1190 4492 by
1203 4420 1291 4478 Gaius
1304 4420 1334 4476 in
