3166 5022
229 348 292 420 250
318 323 321 328 '
429 342 780 399 Jusrtrurlowunr
797 340 916 398 alans
934 341 1170 414 ounrruon.
1269 342 1333 409 [m.
1344 345 1378 395 n.

228 507 348 572 liberos
370 508 439 572 iure
460 507 546 573 civili
569 529 676 591 neque
698 506 836 572 heredes
860 507 1029 573 instituere
1048 527 1156 590 neque
1176 504 1378 571 exheredare

229 631 363 676 necesse
390 622 450 687 est,
474 613 552 696 quia
578 632 644 676 non
670 621 748 676 sunt
774 612 824 676 sui
844 611 992 678 heredes.
1023 613 1082 676 sed
1108 620 1240 694 praetor
1262 627 1378 673 omnes

228 717 298 780 tam
314 715 461 780 feminini
484 737 585 800 quam
601 715 771 782 masculini
792 737 901 795 sexus,
917 716 943 780 si
966 715 1105 780 heredes
1121 734 1187 778 non
1203 713 1377 777 instituan-

230 829 294 896 tur,
310 818 503 884 exheredari
519 821 619 896 iubet,
635 820 737 884 virilis
751 839 853 884 sexus
868 821 1072 898 nominatim,
1087 818 1236 883 seminini
1251 837 1329 881 vero
1345 825 1379 880 et

229 925 316 989 inter
331 933 467 990 ceteros.
498 925 617 1008 quodsi
633 945 740 1008 neque
755 924 895 989 heredes
915 925 1057 990 instituti
1073 923 1193 988 luerint
1209 941 1317 1004 neque
1332 921 1380 984 ita

230 1039 268 1094 ut
293 1029 440 1094 diximus
464 1029 666 1110 exheredati,
689 1031 852 1112 promittit
875 1041 1007 1112 praetor
1033 1029 1080 1092 eis
1105 1037 1221 1092 contra
1247 1023 1378 1090 tabulas

200 1117 421 1199 4testamenti
437 1133 599 1198 bonorum
615 1135 868 1218 possessionem.
913 1133 1077 1217 Adoptivi
1099 1132 1194 1196 liberi
1218 1129 1378 1213 quamdiu

230 1249 307 1302 sunt
323 1240 356 1302 in
371 1247 538 1321 potestate
553 1240 656 1322 patris
671 1240 830 1322 adoptivi,
843 1239 991 1304 eiusdem
1008 1239 1085 1301 iuris
1096 1235 1269 1312 habentur,
1285 1235 1379 1298 cuius

231 1351 308 1408 sunt
323 1342 417 1407 iustis
433 1343 555 1425 nuptiis
571 1343 729 1426 quaesiti:
752 1343 865 1424 itaque
885 1341 1024 1406 heredes
1042 1339 1235 1404 instituendi
1250 1337 1303 1402 vel
1319 1357 1380 1401 ex·

230 1446 411 1510 heredandi
427 1457 503 1510 sunt
515 1448 696 1511 secundum
712 1467 751 1510 ea
767 1466 853 1529 quae
868 1446 910 1510 de
926 1444 1130 1510 naturalibus
1145 1443 1379 1526 exposuimus:

231 1549 430 1631 emancipati
460 1570 538 1614 vero
564 1571 585 1614 a
613 1561 708 1633 patre
736 1551 894 1634 adoptivo
922 1570 1029 1633 neque
1059 1549 1127 1612 iure
1160 1545 1245 1612 civili
1272 1565 1380 1628 neque

230 1652 321 1736 quod
344 1653 387 1716 ad
411 1653 557 1717 edictum
577 1654 738 1737 praetoris
762 1656 882 1718 attinet
906 1653 991 1718 inter
1013 1653 1132 1716 liberos
1156 1657 1379 1714 numerantur.

232 1777 298 1840 qua
313 1758 440 1822 ratione
453 1757 582 1833 accidit,
599 1767 636 1822 ut
658 1778 703 1822 ex
726 1758 856 1823 diverso
878 1757 968 1841 quod
992 1757 1035 1822 ad
1058 1754 1243 1820 naturalem
1262 1771 1381 1836 paren·

231 1871 301 1925 tem
323 1861 453 1940 attinet,
468 1864 628 1944 quamdiu
644 1864 779 1946 quidem
802 1865 868 1928 sint
891 1865 924 1927 in
947 1861 1105 1944 adoptiva
1119 1859 1253 1936 familia,
1269 1865 1381 1920 extra·

232 1985 369 2029 neotum
394 1985 531 2030 numero
554 1965 747 2046 habeantur,
769 1976 807 2031 ut
831 1988 887 2031 eos
914 1985 1020 2048 neque
1045 1963 1183 2028 heredes
1207 1961 1380 2026 instituere

232 2089 340 2152 neque
360 2068 563 2134 exheredare
586 2089 721 2134 necesse
741 2071 802 2135 sit:
837 2091 912 2134 cum
935 2089 1014 2133 vero
1037 2067 1236 2150 emancipati
1258 2065 1381 2129 fuerint

232 2174 275 2237 ab
304 2173 462 2256 adoptivo
485 2183 589 2257 patre,
615 2183 696 2238 tunc
720 2174 877 2256 incipiant
903 2175 936 2237 in
962 2193 1002 2237 ea
1025 2191 1125 2238 causa
1152 2191 1233 2246 esse,
1257 2171 1291 2234 in
1315 2189 1382 2252 qua

232 2277 332 2340 futuri
358 2287 476 2352 essent,
499 2277 527 2340 si
558 2278 601 2341 ab
626 2279 698 2360 ipso
722 2277 862 2342 naturali
889 2285 983 2360 patre
1009 2275 1209 2357 emancipati
1234 2271 1381 2338 luissent.

202 2379 302 2447 5Sed
317 2379 400 2446 haec
420 2391 567 2446 vetustas
590 2381 829 2455 introducebat.
861 2391 973 2446 nostra
988 2401 1066 2445 vero
1088 2377 1281 2444 constitutio
1297 2379 1383 2440 inter

233 2484 398 2549 masculos
424 2495 458 2550 et
483 2483 623 2550 feminas
649 2485 682 2548 in
707 2484 770 2549 hoc
797 2485 865 2548 iure
890 2483 970 2548 nihil
994 2486 1152 2549 interesse
1178 2481 1382 2559 existimans,

233 2591 310 2671 quia
322 2599 462 2671 utraque
473 2607 613 2671 persona
625 2589 658 2653 in
669 2587 841 2653 hominum
850 2589 1076 2672 procreatione
1085 2587 1236 2651 similiter
1244 2594 1383 2650 naturae

233 2691 341 2756 officio
364 2693 512 2775 iungitur
536 2701 570 2757 et
593 2693 667 2777 lege
688 2693 826 2776 antiqua
852 2693 1029 2758 duodecim
1055 2692 1243 2756 tabularum
1266 2710 1383 2754 omnes

234 2797 384 2860 similiter
409 2797 452 2860 ad
482 2798 705 2862 successiones
734 2797 777 2862 ab
808 2799 966 2862 intestato
992 2796 1203 2870 vocabantur,
1232 2795 1321 2877 quod
1348 2803 1383 2858 et

233 2910 400 2984 praetores
412 2909 528 2983 postea
540 2903 643 2966 secuti
656 2923 728 2966 esse
739 2903 900 2978 videntur,
914 2901 990 2965 ideo
1001 2900 1145 2983 simplex
1160 2920 1199 2964 ac
1214 2898 1321 2962 simile
1333 2897 1383 2960 ius

233 3013 267 3068 et
283 3005 316 3067 in
331 3003 406 3070 filiis
423 3015 456 3068 et
472 3005 505 3068 in
517 3005 648 3070 filiabus
664 3016 697 3071 et
713 3005 747 3069 ln
762 3006 878 3070 ceteris
893 3004 1170 3070 descendentibus
1185 3023 1245 3085 per
1254 3001 1382 3066 virilem

233 3129 351 3172 sexum
374 3110 523 3191 personis
545 3130 612 3174 non
634 3109 742 3174 solum
765 3111 861 3187 natis,
886 3111 945 3174 sed
969 3107 1070 3173 e'tiam
1094 3109 1257 3191 postumis
1281 3107 1383 3169 intro·

233 3214 341 3291 duxit,
356 3223 393 3277 ut
409 3234 534 3289 omnes,
553 3215 622 3278 sive
645 3215 694 3278 sui
718 3215 786 3278 sive
805 3213 1003 3296 emancipati
1027 3221 1114 3288 sunt,
1130 3222 1164 3276 et
1187 3211 1383 3274 nominatim

234 3316 479 3382 exheredentur
500 3327 535 3382 et
557 3318 699 3382 eundem
725 3317 873 3383 habeant
896 3317 1051 3382 effectum
1075 3317 1160 3380 circa
1182 3323 1384 3380 testamenta

234 3431 408 3504 parentum
418 3443 551 3486 suorum
564 3421 760 3487 infirmanda
772 3433 806 3488 et
817 3422 1037 3487 hereditatem
1048 3419 1270 3494 auferendam,
1283 3439 1384 3502 quem

234 3523 291 3586 filii
307 3525 357 3588 sui
371 3525 424 3588 vel
440 3526 638 3607 emancipati
654 3524 787 3605 habent,
800 3527 868 3591 sive
884 3526 949 3588 iam
965 3525 1034 3589 nati
1050 3533 1126 3588 sunt
1142 3523 1211 3588 sive
1226 3521 1335 3586 adhuc
1350 3521 1384 3585 in

235 3637 329 3692 utero
351 3629 521 3692 constituti
537 3640 654 3712 postea
674 3631 743 3694 nati
766 3639 853 3695 sunt.
886 3631 972 3694 circa
990 3627 1165 3711 adoptivos
1180 3636 1293 3690 autem
1316 3645 1384 3689 cer·

236 3741 306 3796 tam
329 3731 521 3796 induximus
542 3733 744 3810 divisionem,
763 3754 849 3816 quae
872 3734 1099 3798 constitutioni
1121 3740 1262 3808 nostrae,
1283 3751 1385 3814 quam

234 3951 285 4005 but
302 3949 369 4020 only
381 3951 463 4006 those
475 3951 546 4019 who,
560 3949 618 4005 had
636 3950 672 4005 he
691 3949 758 4006 died
777 3949 917 4020 intestate,
931 3949 1023 4004 would
1041 3949 1114 4004 have
1133 3950 1206 4004 been
1225 3947 1343 4004 entitled
1355 3959 1385 4004 to

235 4033 356 4088 succeed
379 4033 437 4088 him
456 4033 495 4105 by
516 4033 564 4090 the
586 4033 681 4090 clause
700 4033 729 4088 in
748 4034 798 4090 the
819 4033 895 4090 edict
914 4031 1005 4089 ‘unde
1023 4031 1121 4102 liberi,’
1136 4049 1185 4088 see
1203 4033 1255 4087 Bt
1269 4032 1307 4088 iii.
1320 4047 1345 4102 p
1360 4045 1385 4100 3.

235 4117 293 4173 and
305 4127 395 4186 notes,
409 4115 457 4173 ins.

273 4203 330 4270 §tt
350 4202 394 4270 By
412 4201 460 4256 the
480 4199 664 4256 constitution
685 4209 716 4255 to
734 4199 826 4255 which
846 4200 883 4254 he
901 4199 987 4255 refers
1007 4197 1090 4270 (Cod.
1102 4198 1127 4254 6.
1142 4199 1183 4254 28.
1197 4198 1225 4267 4)
1245 4195 1386 4267 Justinian

235 4284 365 4356 required
384 4285 421 4340 all
439 4285 638 4353 descendants,
657 4285 750 4339 whom
768 4284 864 4339 before
883 4281 905 4338 it
921 4283 980 4338 had
998 4283 1070 4338 been
1089 4297 1242 4351 necessary
1254 4291 1283 4336 to
1299 4280 1386 4336 disin-

236 4367 308 4423 herit
321 4377 350 4423 at
368 4369 414 4437 all,
427 4377 457 4423 to
469 4368 506 4423 be
519 4367 547 4422 in
565 4367 657 4424 future
676 4367 766 4422 either
783 4367 939 4436 instituted,
952 4383 985 4422 or
1003 4365 1190 4422 disinherited
1207 4363 1406 4421 nominatim·

238 4451 273 4504 ln
286 4449 400 4521 desault‚
414 4449 437 4505 ii
450 4450 499 4507 the
516 4449 711 4522 pretermitted
725 4449 802 4506 child
819 4467 877 4506 was
891 4465 996 4520 asuus,
1009 4449 1058 4506 the
1075 4447 1130 4504 will
1143 4465 1200 4504 was
1213 4446 1297 4504 void:
1317 4447 1341 4502 il
1349 4448 1386 4504 he
