3078 5020
136 330 187 378 ne
198 324 251 390 12]
268 323 427 394 Quraus
445 325 597 380 nonus
617 325 689 380 rus
708 323 977 382 porasrarrs
995 326 1211 384 sotvrwn.
1231 335 1292 405 135

135 497 262 553 statum
287 489 457 572 recipiunt.
504 488 657 572 Relegati
679 499 791 554 autem
818 499 928 573 patres
952 491 985 554 in
1011 489 1152 556 insulam
1177 492 1209 555 in
1232 497 1322 576 ,so-2

135 603 260 656 testate
284 614 345 657 sua
368 593 489 657 liberos
513 593 672 658 retinent:
698 602 732 658 et
755 615 774 658 e
796 595 960 658 contrario
983 593 1075 660 liberi
1099 595 1234 679 relegati
1257 598 1290 660 in

134 707 305 780 potestate
330 707 505 780 parentum
528 706 709 762 remanent.
763 697 893 762 Poenae
915 719 1027 763 servus
1049 699 1185 765 effectus
1206 701 1322 765 filios³

135 803 165 863 in
189 811 367 884 potestate
389 801 511 866 habere
536 801 666 866 desinit.
720 803 803 866 servi
825 811 936 870 autem
956 823 1083 886 poenae
1098 805 1289 883 efficiuntur,

133 905 239 987 quiin
257 905 434 969 metallum
450 907 649 969 damnantur
664 915 698 970 et
719 905 775 988 qui
796 906 910 970 hestiis
931 907 1143 972 subiciuntur.
1189 909 1218 972 F
1218 911 1322 974 iliust

133 1009 280 1073 familias
303 1011 332 1072 si
357 1010 555 1085 militaverit,
570 1010 624 1074 vel
647 1010 674 1074 si
696 1019 830 1075 senator
848 1009 901 1075 vel
922 1013 1035 1076 consul
1058 1011 1154 1078 suerit
1176 1012 1291 1094 iactus,

134 1127 248 1181 manet
266 1117 301 1180 in
317 1117 420 1200 patris
435 1125 612 1201 potestate.
646 1117 764 1182 militia
779 1118 867 1182 enim
882 1119 934 1182 vel
950 1117 1132 1183 consularia
1147 1120 1292 1202 dignitas

132 1221 237 1302 patris
269 1229 442 1304 potestate
471 1221 574 1284 filium
605 1241 671 1285 non
701 1221 829 1286 liberat.
885 1223 944 1286 sed
978 1243 1022 1285 ex
1059 1223 1292 1288 constitutione

134 1334 249 1388 nostra
272 1345 405 1388 summa
423 1325 613 1408 patriciatus
633 1325 777 1408 dignitas
799 1325 874 1390 ilico
895 1325 938 1388 ab
958 1325 1182 1408 imperialibus
1200 1327 1291 1391 codi-

134 1425 215 1490 cillis
236 1427 408 1511 praestitis
425 1449 445 1492 a
465 1429 572 1512 patria
589 1438 757 1512 potestate
777 1427 904 1492 liberat.
949 1429 1022 1512 quis
1044 1431 1132 1493 enim
1148 1431 1292 1512 patiatur

133 1539 267 1612 patrem
283 1531 422 1613 quidem
444 1552 542 1615 posse
563 1553 622 1616 per
640 1533 911 1615 emancipationis
931 1534 1066 1596 modurn
1085 1553 1163 1598 suae
1181 1545 1291 1618 potes·

133 1635 211 1698 tatis
226 1636 375 1699 nexibus
390 1635 493 1698 tilium
506 1636 663 1714 relaxare,
676 1637 919 1720 imperatoriam
936 1646 1048 1700 autem
1063 1637 1290 1702 celsitudinem

133 1757 198 1801 non
221 1738 339 1803 valere
362 1759 437 1802 eum
462 1759 560 1822 quem
587 1741 649 1804 sibi
675 1751 805 1824 patrem
828 1739 928 1822 elegit
950 1739 992 1804 ab
1015 1739 1122 1806 aliena
1144 1743 1290 1808 eximere

133 1840 329 1923 potestate?
370 1841 408 1906 Si
437 1843 481 1907 ab
518 1841 668 1908 hostibus
705 1854 821 1927 captus
852 1841 949 1907 suerit
981 1863 1107 1928 parens,
1139 1847 1321 1928 quamvis5

134 1965 247 2010 servus
271 1946 419 2011 hostium
442 1947 509 2025 fiat,
527 1958 639 2012 tamen
660 1948 784 2031 pendet
811 1947 860 2012 ius
884 1947 1062 2012 liberorum
1084 1959 1218 2033 propter
1240 1953 1290 2016 ius

132 2050 349 2132 postliminii:
381 2053 458 2134 quia
487 2051 533 2129 hi,
560 2055 615 2136 qui
642 2053 685 2118 ab
715 2053 865 2118 hostibus
891 2053 980 2136 capti
1007 2063 1093 2130 sunt,
1115 2055 1141 2117 si
1170 2057 1288 2119 reversi

134 2269 306 2323 anomalous
337 2285 428 2338 cases,
453 2267 591 2336 however,
615 2269 664 2324 the
688 2279 769 2339 pater
793 2286 850 2324 was
876 2267 1011 2340 deprived
1039 2268 1073 2322 os
1093 2267 1138 2324 his
1163 2279 1290 2340 potestas

135 2367 166 2406 as
183 2369 202 2406 a
221 2351 419 2422 punishment,
432 2351 549 2407 without
567 2354 616 2408 the
634 2352 712 2407 child
731 2352 817 2422 being
834 2353 928 2423 capite
941 2351 1084 2407 minutus:
1104 2369 1129 2408 e.
1137 2369 1164 2422 g.
1183 2352 1226 2406 sor
1243 2370 1289 2407 ex-

135 2435 238 2506 posing
261 2433 307 2489 his
330 2433 466 2504 children,
490 2435 560 2490 Cod.
576 2437 601 2492 8.
620 2449 662 2506 52.
679 2451 704 2506 2,
725 2437 768 2490 sor
789 2436 961 2507 compelling
982 2437 1061 2491 them
1085 2445 1115 2490 to
1140 2435 1289 2507 prostitute

135 2521 320 2588 themselves,
340 2519 410 2573 Cod
428 2533 466 2574 11.
481 2533 522 2586 40.
537 2519 562 2589 6,
579 2520 638 2574 and
655 2519 699 2574 sor
717 2519 894 2590 contracting
906 2536 944 2575 an
957 2518 1120 2574 incestuous
1138 2519 1289 2590 marriage,

137 2605 210 2659 Nov.
228 2619 269 2658 12.
285 2617 311 2658 2.
994 2639 1000 2648 .

169 2689 230 2754 §2
250 2684 422 2756 Relegation
443 2703 500 2742 was
521 2686 703 2743 banishment
728 2687 904 2743 unattended
926 2686 992 2742 with
1015 2703 1071 2757 any
1092 2689 1150 2743 loss
1172 2687 1205 2742 ol
1223 2687 1288 2743 civil

137 2771 241 2842 rights:
256 2769 391 2840 ‘relegati
404 2769 434 2824 in
447 2769 568 2825 insulam
581 2770 610 2824 in
623 2780 764 2840 potestate
777 2788 844 2826 suos
857 2770 961 2825 liberos
973 2770 1104 2841 retinent,
1114 2771 1181 2842 quia
1193 2782 1221 2826 et
1231 2772 1288 2830 alia

137 2855 233 2911 omnia
252 2855 316 2909 iura
333 2869 386 2908 sua
403 2853 544 2909 retinent:
565 2863 676 2910 tantum
694 2854 770 2910 enim
789 2855 882 2908 insula
900 2853 940 2908 eis
959 2854 1055 2924 egredi
1074 2871 1132 2909 non
1151 2854 1237 2910 licet:
1259 2867 1288 2912 et

135 2941 211 2996 bona
229 2955 346 3011 quoque
365 2955 418 2992 sua
436 2937 532 2992 omnia
547 2937 668 2993 retinent
685 2948 796 3008 praeter
814 2955 858 3004 ea,
870 2937 894 2992 si
914 2954 986 3008 quae
1004 2937 1045 2992 eis
1058 2939 1193 3008 adempta
1205 2941 1287 2994 sunt’

139 3025 202 3094 Dig.
216 3025 263 3090 48.
277 3037 320 3076 22.
334 3035 359 3088 7.
373 3035 433 3088 2-4.
462 3023 500 3076 So
513 3031 561 3076 too
575 3021 651 3077 Ovid
663 3039 729 3090 says
743 3021 839 3092 (Trist.
852 3035 878 3087 4.
891 3036 915 3091 9.
931 3021 972 3090 11)
987 3021 1124 3078 ‘Omnia.
1140 3063 1147 3078 .
1161 3061 1168 3076 .
1182 3024 1288 3080 Caesar

136 3107 204 3162 mihi
218 3108 281 3162 iura
294 3105 416 3176 reliquit,
430 3107 468 3160 Et
482 3105 543 3160 sola
556 3115 600 3160 est
612 3105 706 3176 patria
718 3123 812 3176 poena
825 3121 921 3160 carere
934 3107 1017 3160 mea!

172 3193 229 3260 §a
250 3191 310 3245 For
328 3189 377 3244 the
390 3205 500 3258 poenae
518 3205 616 3244 servus
635 3205 684 3244 see
703 3205 740 3244 on
757 3187 812 3243 Tit.
827 3201 852 3257 3.
866 3203 883 3254 4
896 3203 970 3257 supr.
1010 3189 1081 3242 Loss
1100 3187 1133 3240 of
1147 3187 1249 3257 liberty
1261 3190 1294 3242 of

138 3291 237 3330 course
253 3271 382 3328 entailed
400 3273 458 3326 loss
477 3272 509 3326 of
524 3271 696 3342 citizenship,
710 3272 835 3327 whether
848 3272 896 3326 the
916 3279 1023 3325 master
1035 3287 1108 3325 were
1121 3269 1246 3339 ‘poena'
1258 3287 1291 3325 or

138 3375 193 3429 any
204 3375 261 3414 one
274 3357 344 3425 else,
357 3355 412 3410 Tit
430 3356 469 3410 16.
487 3371 496 3410 1
513 3355 563 3409 inf.

172 3443 230 3510 §AE
250 3441 348 3496 There
365 3438 424 3494 had
442 3439 547 3508 always
566 3439 639 3494 been
658 3438 765 3494 certain
783 3437 926 3508 dignities,
943 3437 982 3506 by
1002 3437 1050 3490 the
1068 3434 1238 3490 attainment
1261 3436 1294 3490 os

139 3527 228 3581 which
254 3542 273 3579 a
299 3523 377 3578 child
402 3522 431 3577 in
452 3537 548 3592 power
569 3539 626 3577 was
648 3523 778 3577 released
802 3521 955 3577 theresrom
976 3519 1092 3574 without
1113 3518 1290 3591 undergoing

140 3610 237 3681 capitis
248 3605 408 3663 deminutio
421 3625 428 3661 :
446 3607 511 3661 thus
525 3623 542 3660 a
555 3621 607 3660 son
618 3607 681 3660 who
693 3605 811 3660 became
824 3606 929 3659 flamen
941 3602 1041 3672 Dialis,
1050 3603 1107 3658 and
1120 3619 1138 3658 a
1151 3603 1290 3672 daughter

140 3695 199 3748 who
217 3693 342 3747 became
362 3689 441 3758 virgo
464 3688 586 3744 Vestalis
609 3687 710 3758 (Gaius
730 3687 767 3744 iii.
785 3703 842 3757 114,
862 3686 959 3755 i.13o)
981 3703 1053 3742 were
1070 3686 1198 3742 released
1216 3686 1289 3742 srom

140 3793 239 3846 power,
252 3774 364 3844 though
377 3773 434 3827 still
446 3771 605 3842 remaining
616 3773 759 3827 members
773 3772 806 3826 of
814 3770 889 3826 their
901 3771 949 3825 old
962 3770 1075 3842 agnatic
1087 3769 1193 3842 family.
1226 3773 1290 3828 The

141 3859 291 3916 Patriciate
304 3857 338 3911 os
345 3858 395 3912 the
407 3858 479 3912 later
491 3857 608 3927 Empire
625 3873 718 3912 seems
737 3865 767 3910 to
786 3857 859 3910 have
872 3853 1031 3925 originated
1044 3855 1073 3910 in
1086 3856 1135 3910 the
1149 3853 1196 3908 old
1209 3871 1289 3925 prac-

140 3943 191 3999 tice
208 3944 242 3999 01
257 3941 365 4011 calling
377 3957 495 4012 persons
515 3941 547 3994 of
561 3939 710 3996 advanced
723 3956 776 4010 age
790 3949 915 4010 pateras
928 3955 946 3994 a
958 3938 1143 4009 compliment
1156 3955 1188 3991 or
1201 3937 1288 3992 token

141 4028 171 4082 of
183 4037 305 4098 respect,
326 4027 450 4093 Horace,
468 4026 521 4096 Ep.
535 4025 553 4080 i.
566 4025 592 4080 6.
606 4036 703 4094 54-55,
723 4021 832 4093 Νέρων.
847 4065 853 4078 .
868 4022 987 4092 ,πατέρα
1004 4023 1081 4076 αὐτὸν
1099 4021 1138 4074 riri
1157 4019 1290 4088 ὀνομάζων

142 4110 197 4165 Dio
207 4113 288 4165 Cass.
297 4110 341 4178 63.
350 4123 391 4177 17,
405 4107 455 4162 ‘ad
468 4109 623 4179 Ulpianum
636 4108 811 4178 praelectum
824 4105 966 4177 praetorio
980 4115 1008 4161 et
1020 4114 1167 4176 parentem
1178 4103 1289 4156 meum'

143 4195 300 4250 Alexander
318 4194 347 4248 in
368 4193 439 4248 Cod
453 4208 479 4260 4.
491 4193 573 4262 65.4
610 4192 729 4248 Besides
746 4193 795 4247 the
816 4190 976 4258 Patriciate,
994 4187 1135 4258 Justinian
1155 4185 1289 4240 attached

141 4277 195 4332 this
206 4278 289 4333 effect
302 4277 365 4332 also
378 4287 408 4332 to
421 4275 561 4332 elevation
573 4285 603 4330 to
616 4275 722 4346 sundry
730 4275 812 4330 other
824 4273 893 4344 high
905 4271 1047 4341 dignities,
1060 4267 1213 4340 especially
1227 4267 1289 4322 that

143 4361 174 4415 or
181 4363 277 4416 consul
289 4361 348 4416 and
361 4359 475 4430 bishop,
489 4361 515 4414 N
519 4377 564 4414 ov.
576 4361 619 4415 81.
632 4377 674 4430 pr.
688 4373 713 4427 3.

176 4448 202 4502 5.
220 4447 282 4502 The
301 4445 345 4501 ius
364 4441 531 4515 postliminii
544 4459 601 4499 was
614 4459 651 4498 an
664 4441 824 4498 institution
836 4441 876 4511 by
888 4437 980 4494 which
992 4436 1082 4508 rights
1096 4433 1186 4491 which
1199 4433 1290 4490 under
