3176 5022
247 323 298 376 m.
312 319 345 388 ..1
540 317 601 372 na
622 317 983 391 asaaorrnrmm,
1004 317 1097 376 arc.
1333 329 1396 402 343

247 480 318 546 iura
343 479 391 544 ita
416 479 546 558 servari,
573 488 673 564 atque
699 479 727 544 si
753 479 787 546 in
816 481 919 565 patris
944 481 1102 547 naturalis
1127 489 1297 565 potestate
1322 503 1397 566 per·

248 584 423 648 mansisset
445 603 506 648 nec
527 583 659 667 penitus
680 585 819 667 adoptio
842 585 941 650 fuerit
965 586 1160 652 subsecuta:
1191 586 1253 650 nisi
1278 587 1312 651 in
1332 586 1396 653 hoc

246 688 480 753 tantummodo
506 707 592 767 casu,
619 697 656 754 ut
678 689 782 773 possit
807 689 851 754 ab
878 690 1035 756 intestato
1046 691 1097 755 «ad
1124 690 1227 774 patris
1248 691 1396 774 adoptivi

246 792 357 856 venire
379 791 631 857 successionem.
685 801 886 858 testamento
908 803 1021 858 autem
1046 795 1090 859 ab
1115 814 1154 858 eo
1178 795 1267 859 facto
1288 814 1398 878 neque

246 895 317 960 iure
332 893 418 959 civili
434 915 542 978 neque
561 897 726 978 praetorio
747 895 871 980 aliquid
895 918 940 962 ex
958 897 1143 963 hereditate
1161 899 1229 962 eius
1245 899 1397 982 persequi

246 1007 359 1082 potest
389 1018 496 1082 neque
528 1008 644 1064 contra
680 999 810 1066 tabulas
846 1000 1010 1066 bonorum
1047 1001 1255 1086 possessione
1283 1002 1397 1086 agnita

246 1121 354 1186 neque
380 1101 552 1166 inofficiosi
577 1102 725 1186 querella
749 1103 909 1184 instituta,
929 1124 1005 1169 cum
1029 1125 1091 1170 nec
1114 1105 1290 1170 necessitas
1311 1107 1397 1189 patri

246 1208 405 1290 adoptivo
428 1207 607 1292 imponitur
629 1208 683 1272 vel
707 1207 865 1274 heredem
893 1229 968 1275 eum
995 1210 1164 1275 instituere
1183 1209 1237 1274 vel
1259 1209 1398 1274 exhere-

245 1310 362 1375 datum
377 1310 484 1376 facere
499 1319 616 1396 utpote
631 1310 723 1376 nullo
739 1312 879 1378 naturali
894 1313 1025 1378 vinculo
1045 1313 1246 1398 copulatum.
1290 1334 1398 1398 neque

246 1413 273 1478 si
303 1435 348 1479 ex
377 1413 535 1481 Afiniano
564 1424 698 1480 senatus
728 1417 879 1481 consulto
909 1437 953 1481 ex
982 1417 1087 1482 tribus
1124 1417 1270 1481 maribus
1299 1416 1397 1482 fuerit

245 1518 445 1602 adoptatus:
469 1539 547 1584 nam
574 1528 609 1586 et
632 1519 665 1582 in
692 1519 881 1586 huiusmodi
907 1541 984 1586 casu
1011 1541 1118 1604 neque
1140 1529 1259 1604 quarta
1277 1519 1307 1584 ei
1329 1539 1397 1585 ser·

245 1631 342 1687 vatur
371 1643 431 1688 nec
461 1622 530 1688 ulla
565 1624 653 1689 actio
689 1625 734 1689 ad
771 1625 841 1690 eius
874 1623 1135 1709 persecutionem
1168 1626 1197 1689 ei
1226 1625 1396 1708 competit.

142 1758 148 1766 ·
245 1737 359 1793 nostra
388 1739 500 1794 autem
530 1729 767 1794 constitutione
804 1739 965 1814 exceptus
985 1739 1058 1796 .est‘
1082 1730 1118 1808 is,
1148 1750 1249 1813 quem
1277 1750 1397 1813 parens

245 1833 404 1898 naturalis
433 1833 663 1916 adoptandum
700 1836 899 1919 susceperit:
938 1843 1079 1920 utroque
1109 1835 1197 1900 enim
1227 1835 1297 1900 iure
1326 1843 1397 1899 tam

246 1938 386 2003 naturali
413 1957 514 2022 quarn
540 1938 690 2022 legitimo
717 1940 750 2003 in
777 1939 864 2006 hanc
892 1961 1068 2024 personam
1094 1949 1308 2005 concurrente
1330 1939 1397 2021 pri·
1463 1938 1467 1944 ’

245 2041 332 2105 stina
354 2042 423 2106 iura
445 2041 503 2108 tali
525 2043 698 2126 adoptioni
720 2045 930 2122 servavimus,
946 2044 1230 2128 quemadmodum
1252 2043 1280 2106 si
1302 2051 1398 2126 pater

245 2144 387 2211 familias
412 2167 484 2212 sese
510 2147 639 2212 dederit
666 2149 905 2231 adrogandum.
950 2168 1036 2233 quae
1061 2147 1247 2231 specialiter
1270 2154 1304 2210 et
1329 2147 1397 2210 sin·

244 2249 385 2334 gillatim
409 2272 453 2316 ex
475 2251 644 2335 praefatae
665 2253 909 2318 constitutionis
931 2263 1047 2318 tenore
1069 2259 1207 2337 possunt
1229 2249 1349 2335 colligi.

289 2356 376 2421 Item
396 2365 546 2422 vetustas
572 2378 617 2422 ex
643 2357 797 2422 masculis
825 2359 1017 2442 progenitos
1042 2357 1117 2441 plus
1141 2357 1283 2440 diligens
1308 2355 1395 2421 solos
1410 2363 1443 2420 15

245 2469 383 2542 nepotes
396 2461 450 2525 vel
473 2469 598 2544 neptes,
614 2461 672 2544 qui
695 2481 739 2525 ex
753 2461 838 2526 virili
860 2483 943 2527 sexu
967 2461 1182 2541 descendunt,
1200 2460 1244 2524 ad
1262 2480 1396 2525 suorum

243 2564 384 2629 vocabat
410 2565 649 2630 successionem
676 2573 710 2630 et
733 2565 792 2628 iuri
819 2565 1040 2651 adgnatorum
1066 2585 1124 2631 eos
1150 2563 1395 2647 anteponebat:

245 2679 385 2752 nepotes
410 2679 533 2750 autem,
557 2670 615 2753 qui
642 2689 686 2734 ex
710 2669 841 2736 filiabus
864 2670 933 2736 nati
959 2679 1046 2748 sunt,
1067 2680 1102 2736 et
1126 2677 1326 2753 pronepotes
1352 2688 1397 2732 ex

245 2775 400 2857 neptibus
416 2783 632 2858 cognatorum
650 2773 724 2840 loco
743 2795 920 2841 numerans
941 2785 1017 2859 post
1034 2775 1256 2860 adgnatorum
1274 2772 1396 2837 lineam
1456 2775 1457 2780 ’

246 2897 303 2942 eos
325 2878 468 2943 vocabat
499 2887 570 2944 tam
602 2879 635 2942 in
662 2879 714 2942 avi
738 2879 791 2945 vel
817 2880 930 2964 proavi
957 2879 1096 2944 materni
1119 2897 1221 2962 quam
1246 2877 1279 2940 in
1303 2877 1397 2941 aviae

245 2981 297 3046 vel
312 2983 467 3065 proaviae
486 2983 556 3048 sive
578 2991 735 3066 paternae
757 2984 826 3050 sive
844 2995 1014 3050 maternae
1036 2983 1285 3049 successionem.
1330 2980 1397 3046 divi
1423 2969 1427 2979 ’

244 3187 324 3243 three
337 3204 404 3242 sons
417 3187 446 3242 in
459 3185 603 3258 adoption,
613 3186 662 3242 the
675 3185 808 3258 adoptive
821 3188 913 3244 father
925 3197 1000 3243 must
1012 3186 1093 3244 leave
1105 3186 1164 3241 him
1175 3185 1296 3241 afourth
1309 3185 1342 3239 of
1350 3182 1395 3240 his

244 3282 377 3343 property
386 3283 415 3327 at
425 3273 506 3340 least,
514 3272 643 3342 Theoph.
663 3273 720 3326 For
731 3271 895 3342 Justinian's
909 3272 1034 3341 changes
1048 3269 1076 3325 in
1087 3271 1135 3325 the
1148 3271 1202 3324 law
1214 3268 1247 3323 of
1256 3267 1393 3338 adoption

246 3354 328 3426 (Cod.
341 3357 366 3411 8.
379 3356 421 3423 48.
436 3354 478 3424 ro)
492 3371 540 3410 see
553 3371 590 3409 on
604 3355 657 3412 Bk.
670 3353 688 3410 i.
700 3369 739 3410 11.
754 3370 770 3409 a
783 3371 859 3426 supr.
895 3354 983 3410 Tbeir
994 3354 1089 3422 result,
1102 3370 1134 3408 so
1147 3353 1191 3409 far
1202 3369 1235 3408 as
1248 3351 1351 3407 relates
1363 3360 1394 3406 to

244 3437 377 3494 intestata
390 3437 562 3506 succession,
575 3455 632 3494 was
646 3453 678 3494 as
691 3437 798 3494 follows
811 3457 818 3494 :

281 3521 320 3591 (ι)
342 3523 371 3576 If
384 3523 433 3578 the
451 3521 568 3592 adoptio
589 3537 646 3578 was
668 3521 761 3578 minus
781 3523 874 3594 plena,
896 3521 945 3578 the
964 3521 1117 3592 adoptatus
1138 3516 1268 3575 retained
1289 3517 1326 3573 all
1348 3516 1393 3572 his

243 3604 333 3675 rights
352 3604 463 3674 against
482 3605 530 3660 the
548 3613 639 3660 estate
658 3605 692 3660 of
707 3605 751 3661 his
771 3607 883 3662 natural
901 3605 1000 3675 father,
1018 3604 1076 3660 and
1094 3601 1229 3675 acquired
1243 3600 1358 3656 besides
1375 3617 1394 3656 a

244 3687 328 3743 claim
340 3705 373 3744 as
386 3705 453 3743 suus
465 3697 496 3744 to
508 3688 569 3744 that
581 3688 615 3743 of
622 3689 672 3745 the
688 3689 822 3760 adoptive
838 3689 938 3759 father,
952 3687 976 3744 if
990 3689 1025 3746 he
1044 3687 1111 3744 died
1129 3686 1271 3754 intestata,
1283 3684 1392 3753 though

244 3787 319 3826 none
335 3781 365 3826 to
380 3771 441 3827 that
457 3771 491 3825 of
503 3771 552 3826 the
566 3772 671 3827 latter's
684 3782 810 3843 agnatos.
848 3775 892 3828 To
911 3774 960 3830 the
978 3780 1112 3844 property
1126 3770 1159 3826 of
1173 3770 1221 3825 the
1239 3768 1392 3839 adoptatus

243 3855 292 3912 the
304 3855 445 3927 adoptans
460 3856 518 3911 had
536 3872 574 3910 no
592 3855 681 3926 rights
699 3857 733 3910 of
744 3857 907 3914 succession
920 3857 1068 3913 whatever.
1109 3853 1148 3925 (2)
1170 3853 1199 3908 lf
1210 3854 1259 3908 the
1274 3851 1392 3922 adoptio

243 3955 301 3994 vas
319 3940 411 4010 plena,
424 3939 473 3996 the
491 3938 581 4010 rights
599 3939 632 3994 of
645 3940 694 3995 the
712 3940 864 4011 adoptatus
879 3940 991 4012 against
1006 3941 1055 3996 the
1071 3947 1205 4010 property
1217 3937 1249 3992 of
1261 3937 1331 3991 both
1347 3935 1391 3990 his

242 4032 338 4093 patres
350 4023 408 4079 and
421 4023 482 4080 that
495 4023 528 4077 of
536 4022 580 4077 his
593 4023 705 4079 mother
716 4024 863 4080 remained
875 4023 1031 4079 unaltered.
1066 4024 1108 4077 As
1124 4030 1154 4076 to
1169 4020 1214 4075 his
1229 4019 1348 4074 relation
1361 4027 1391 4073 to

242 4104 287 4160 his
300 4107 410 4162 natural
423 4107 536 4162 father's
549 4105 723 4162 inheritance
732 4107 812 4162 there
822 4107 846 4162 is
856 4123 936 4163 some
946 4105 1099 4161 differente
1108 4103 1141 4158 of
1147 4101 1272 4173 opinion,
1282 4100 1391 4170 though

203 4199 208 4208 ·
243 4189 291 4244 the
301 4189 464 4259 expression
473 4189 502 4244 in
511 4189 559 4244 the
570 4199 627 4245 text
637 4189 766 4260 (pristina
778 4189 839 4246 iura
851 4190 900 4246 tali
913 4188 1059 4259 adoptioni
1073 4183 1258 4254 servavimus)
1269 4183 1391 4254 coupled

242 4271 310 4327 with
322 4273 371 4328 the
384 4273 473 4328 whole
486 4282 567 4328 tenor
579 4273 612 4328 of
622 4273 692 4329 Cod.
703 4275 728 4330 8.
738 4274 781 4341 48.
794 4288 833 4343 10,
843 4273 902 4329 aud
915 4272 967 4328 Bk.
976 4271 992 4326 i.
1006 4285 1073 4327 11.2
1086 4285 1162 4338 supr.
1176 4284 1242 4338 may
1254 4267 1291 4322 be
1304 4266 1390 4321 taken

243 4371 275 4411 as
288 4355 456 4412 conclusive.

280 4439 295 4508 ὁ
308 4441 355 4496 15.
374 4439 436 4495 ‘ibe
448 4447 626 4496 enactments
638 4439 762 4497 referred
774 4450 804 4496 to
817 4414 958 4514 are'rhose
967 4433 1196 4506 ofValentinian,
1204 4429 1391 4502 Theodosius,
