3078 5020
177 329 292 396 Tir.25.]
529 327 591 381 DE
611 325 991 385 EXCUSATIONIBUS.
1270 320 1331 404 165

178 509 372 583 perpetuum
411 521 470 584 per
503 499 642 583 gloriam
674 500 783 566 vivere
820 501 1061 583 intelleguntur.
1118 499 1205 564 Item
1235 499 1357 564 divusl

179 603 310 668 Marcus
325 605 358 667 in
374 606 589 670 semestribus
605 605 768 688 rescripsit
784 625 869 684 eum,
886 605 942 688 qui
960 625 1011 668 res
1026 603 1095 669 fisci
1110 603 1328 678 administrat,

177 729 197 772 a
218 708 322 772 tutela
336 708 389 773 vel
413 729 490 774 cura
511 711 670 792 quamdiu
688 709 897 774 administrat
916 707 1065 772 excusari
1088 727 1195 790 posse.
1240 707 1359 775 Item2

177 813 233 894 qui
258 815 304 876 rei
328 812 482 895 publicae
508 833 607 878 causa
634 814 762 888 absunt,
783 833 804 876 a
828 812 933 876 tutela
957 821 992 876 et
1015 833 1091 877 cura
1118 821 1327 877 excusantur.

177 917 235 981 sed
260 927 294 981 et
320 913 347 979 si
378 916 508 980 luerunt
534 926 659 981 tutores
681 917 734 981 vel
763 925 937 996 curatores
959 917 1080 980 deinde
1106 917 1151 980 rei
1177 915 1328 1000 publicae

177 1041 275 1086 causa
297 1022 415 1086 abesse
429 1031 616 1104 coeperunt,
631 1043 651 1086 a
666 1021 771 1087 tutela
790 1031 824 1086 et
843 1041 920 1086 cura
943 1030 1150 1100 excusantur,
1165 1029 1328 1104 quatenus

176 1127 222 1188 rei
237 1125 389 1208 publicae
404 1145 502 1189 causa
517 1125 647 1204 absunt,
663 1136 697 1191 et
717 1128 842 1190 interea
859 1134 989 1190 curator
1003 1125 1077 1190 loco
1093 1145 1205 1190 eorum
1220 1125 1327 1189 datur.

177 1231 232 1311 qui
254 1229 282 1292 si
306 1229 425 1292 reversi
442 1227 571 1307 luerint,
591 1229 750 1312 recipiunt
770 1249 854 1292 onus
876 1229 1001 1293 tutelae
1024 1249 1083 1293 nec
1105 1229 1182 1293 anni
1204 1227 1329 1293 habent

176 1334 394 1409 vacationem,
410 1342 447 1396 ut
466 1331 665 1414 Papinianus
688 1354 917 1416 responsorum
941 1333 1024 1398 libro
1047 1333 1162 1416 quinto
1180 1331 1328 1415 scripsit:

176 1456 253 1500 narn
280 1435 346 1500 hoe
371 1437 515 1518 spatium
541 1435 667 1500 habent
693 1438 736 1501 ad
761 1457 864 1500 novas
888 1436 1009 1501 tutelas
1030 1437 1149 1501 vocati.
1204 1435 1251 1500 Et
1273 1434 1359 1518 quit

176 1551 380 1622 potestatem
404 1540 550 1624 aliquam
577 1541 711 1618 habent,
740 1561 899 1606 excusare
928 1563 964 1606 se
994 1551 1140 1623 possunt,
1167 1547 1204 1605 ut
1232 1539 1328 1605 divus

178 1644 311 1709 Marcus
326 1647 499 1728 rescripsit,
515 1647 573 1710 sed
591 1656 744 1730 coeptam
767 1646 907 1710 tutelam
929 1645 1079 1710 deserere
1098 1664 1165 1709 non
1180 1653 1328 1728 possunt.

179 1749 263 1813 Item
291 1759 429 1833 propter
452 1751 552 1828 litem,
576 1771 676 1834 quam
701 1771 776 1815 curn
800 1749 926 1834 pupillo
950 1749 1003 1815 vel
1025 1751 1141 1814 adulto
1163 1759 1255 1814 tutor
1275 1747 1358 1820 ve14

177 1863 307 1918 curator
321 1854 434 1934 habet,
446 1875 604 1918 excusare
619 1875 656 1919 se
671 1875 770 1918 nemo
786 1865 916 1937 potest:
941 1855 1002 1918 nisi
1017 1855 1100 1918 sorte
1115 1853 1158 1918 de
1172 1853 1328 1918 omnibus

177 1957 270 2022 bonis
284 1958 339 2022 vel
354 1958 539 2022 hereditate
557 1959 778 2023 controversia
801 1957 854 2022 sit.
901 1957 986 2022 Item
1007 1960 1069 2022 tria
1088 1979 1188 2022 onera
1203 1958 1359 2022 tutelast

178 2081 242 2126 non
279 2061 455 2126 affectatae
489 2062 542 2126 vel
580 2083 677 2126 curae
714 2069 885 2145 praestant
914 2062 1130 2140 vacationem,
1168 2059 1327 2143 quamdiu

178 2293 219 2347 27.
236 2295 258 2335 1.
272 2295 297 2334 2.
311 2292 335 2346 7.
374 2281 431 2334 For
448 2281 497 2335 the
516 2279 669 2335 sentiment
688 2291 717 2336 at
737 2281 786 2336 the
805 2280 862 2336 end
881 2279 913 2334 ol
928 2279 976 2334 the
997 2277 1105 2334 section
1125 2277 1161 2332 cl.
1180 2279 1328 2347 Tyrtaeus,

180 2366 270 2419 carm.
285 2364 302 2418 i.
320 2379 330 2418 1
346 2385 353 2430 ;
371 2363 408 2418 iit
423 2377 466 2432 31,
480 2365 605 2432 Plautus,
620 2365 701 2435 Capt.
715 2379 740 2434 3.
755 2377 778 2434 5.
792 2379 835 2434 32,
849 2363 908 2420 Cic.
925 2379 977 2434 pro
997 2363 1088 2417 Balbo
1110 2375 1150 2429 ¹7·
1170 2375 1213 2431 21,
1233 2362 1329 2416 Plane.

179 2461 221 2517 37,
235 2449 355 2516 Seneca,
368 2458 495 2504 controv.
512 2464 532 2503 1.
547 2449 571 2504 8.

212 2531 226 2603 ξ
241 2536 266 2588 1.
287 2533 409 2587 Persons
427 2533 578 2602 employed
594 2533 633 2602 by
645 2534 694 2588 the
710 2549 841 2604 emperor
853 2549 890 2587 on
908 2531 953 2587 his
972 2547 1035 2586 own
1053 2529 1149 2586 affairs
1166 2530 1250 2586 could
1269 2531 1329 2586 also

177 2615 260 2670 claim
273 2615 454 2686 exemption:
475 2615 518 2670 ‘hi
531 2633 607 2685 vero,
621 2616 723 2686 quibus
735 2615 867 2687 princeps
881 2631 977 2670 curam
990 2613 1108 2670 alicuius
1121 2614 1160 2670 rei
1174 2613 1271 2684 iunxit,
1284 2631 1329 2670 ex·

177 2711 311 2755 cusantur
322 2717 341 2754 a
352 2700 447 2768 tutela,
461 2699 553 2755 donec
565 2716 662 2754 curam
675 2701 792 2770 gerunt'
807 2699 872 2770 Dlg.
887 2713 930 2766 27.
947 2715 969 2754 1.
984 2714 1025 2753 22.
1040 2713 1070 2764 13
1089 2698 1127 2753 ib.
1137 2713 1179 2765 41.
1193 2713 1244 2768 pr,
1259 2698 1330 2753 Cod.

180 2797 201 2854 5.
214 2784 257 2840 62.
275 2799 315 2838 10.
352 2785 415 2838 The
433 2782 582 2838 semestria
594 2799 651 2838 was
670 2800 689 2838 a
706 2783 858 2838 collection
877 2783 909 2837 ol
919 2782 1061 2838 decisions
1080 2781 1224 2837 delivered
1236 2781 1274 2850 by
1289 2783 1329 2836 M.

176 2867 307 2922 Aurelius
327 2867 355 2920 in
374 2866 419 2922 his
438 2867 519 2937 privy
531 2866 710 2922 council—so
729 2867 821 2922 called
840 2867 962 2938 perhaps
975 2866 1097 2921 because
1115 2867 1164 2920 the
1176 2866 1260 2920 latter
1272 2883 1328 2921 was

176 2951 285 3021 subject
303 2961 333 3005 to
350 2949 565 3006 reconstitution
583 2950 646 3004 hali
654 2951 759 3020 yearly,
774 2950 840 3021 Dig.
854 2965 877 3006 2.
896 2965 936 3017 14·
953 2951 1003 3017 163
1025 2951 1063 3006 18.
1078 2961 1103 3017 7.
1120 2965 1152 3004 10
1162 2969 1170 3015 ς
1189 2963 1231 3018 29.
1247 2963 1271 3004 2.
1288 2963 1328 3005 12.

178 3038 231 3092 But
241 3053 259 3090 a
268 3036 347 3106 gloss
356 3051 423 3104 says
433 3033 593 3089 ‘semestris
602 3045 667 3089 sunt
677 3035 776 3104 codex,
788 3033 816 3089 in
827 3051 883 3106 quo
893 3033 1085 3104 legislationes
1098 3049 1148 3104 per
1158 3049 1207 3088 sex
1216 3050 1329 3090 menses

177 3121 305 3191 prolatae
317 3119 345 3173 in
360 3135 447 3172 unuln
461 3117 679 3187 redigebantur)

211 3202 269 3275 §a
291 3205 413 3258 Persons
431 3202 532 3257 absent
550 3200 590 3257 rei
610 3200 740 3271 publicae
760 3219 849 3258 causa
861 3221 933 3259 were
950 3211 1063 3273 exempt
1076 3201 1148 3256 from
1165 3202 1329 3270 newly·ten·

177 3286 263 3341 dered
273 3284 493 3356 guardianships
504 3284 606 3353 during
616 3284 690 3340 their
698 3286 822 3342 absence
833 3287 890 3341 and
900 3287 943 3340 lor
952 3304 970 3341 a
979 3303 1047 3355 year
1056 3285 1129 3340 after
1136 3283 1210 3339 their
1218 3293 1327 3339 return:

177 3371 256 3426 when
276 3381 341 3425 sent
359 3368 467 3424 abroad
485 3385 523 3423 on
542 3369 611 3423 such
631 3379 705 3424 state
723 3369 854 3424 business
873 3371 940 3439 they
953 3385 1025 3424 were
1043 3367 1166 3424 excused
1181 3367 1255 3420 from
1273 3383 1329 3436 any

177 3459 264 3513 tutela
276 3456 368 3511 which
381 3457 449 3526 they
460 3473 531 3512 were
544 3455 674 3510 invested
684 3455 751 3510 with
764 3466 793 3511 at
806 3457 855 3511 the
868 3456 944 3525 time,
954 3456 1005 3510 but
1017 3471 1055 3510 on
1068 3453 1142 3510 their
1153 3463 1248 3509 return
1261 3454 1328 3522 they

177 3541 233 3597 had
251 3527 283 3597 lo
301 3557 414 3596 resume
432 3539 453 3595 it
472 3540 588 3595 without
607 3555 664 3610 any
683 3538 765 3594 ‘anni
785 3539 913 3595 vacatio’
934 3539 1000 3609 Dig.
1020 3551 1063 3608 27.
1079 3554 1100 3594 1.
1117 3553 1158 3593 10.
1174 3553 1200 3608 2,
1219 3537 1288 3592 Cod.
1305 3551 1327 3608 5.

176 3625 218 3693 64.
234 3641 255 3680 1.

211 3706 225 3779 §
239 3711 269 3763 8.
290 3709 421 3762 Potestas
433 3721 532 3761 means
545 3723 601 3776 any
612 3705 792 3776 magistracy‚
807 3704 934 3777 superior
946 3723 979 3760 or
991 3705 1113 3776 inferior,
1127 3703 1193 3776 Dig.
1207 3717 1250 3774 27.
1267 3720 1287 3759 1.
1301 3704 1327 3758 6.

180 3792 264 3860 14-16
276 3811 284 3857 ;
297 3791 335 3846 ib.
352 3803 392 3857 17.
404 3802 466 3859 4-5.
503 3791 526 3844 F
528 3805 616 3860 ragm.
626 3791 689 3845 Vat
708 3789 757 3857 146
772 3789 846 3862 (‘qui
862 3791 971 3845 Romae
987 3790 1153 3862 magistratu
1167 3791 1326 3860 iunguntur,

177 3875 312 3948 quamdiu
322 3875 377 3928 hoc
387 3875 547 3943 iunguntur,
558 3871 618 3928 dari
629 3883 737 3928 tutores
747 3889 805 3927 non
815 3884 934 3944 possunt
942 3873 959 3944 ¹)
970 3874 994 3930 is
1004 3885 1053 3930 not
1064 3883 1160 3931 meant
1170 3883 1200 3929 to
1209 3871 1326 3928 exclude

177 3958 330 4029 municipal
343 3956 530 4027 magistrates

211 4041 225 4114 ξ
238 4047 269 4098 4.
289 4043 424 4111 ‘Propter
436 4040 522 4110 litem,
536 4057 621 4111 quam
634 4041 697 4113 quis
711 4057 776 4096 curn
789 4041 895 4112 pupillo
909 4042 1005 4111 habet,
1018 4055 1152 4097 excusare
1165 4057 1196 4095 se
1209 4057 1226 4094 a
1238 4039 1326 4094 tutela

177 4143 232 4182 non
249 4135 352 4198 potest,
366 4123 420 4178 nisi
433 4124 469 4179 de
488 4124 619 4180 omnibus
631 4125 714 4180 bonis
732 4135 780 4180 aut
797 4125 918 4195 plurima
930 4134 1010 4195 parte
1023 4139 1121 4180 eorum
1134 4122 1326 4177 controversia

178 4211 226 4268 sit’
246 4210 312 4281 Dig.
327 4223 369 4276 27.
386 4223 409 4264 1.
423 4223 465 4264 21.
478 4225 528 4280 pn,
547 4209 692 4264 ‘volumus
706 4248 713 4262 .
727 4251 733 4264 .
749 4251 756 4264 .
770 4250 776 4264 .
790 4208 814 4263 sl
833 4209 895 4280 quis
914 4209 1070 4278 obligatum
1088 4206 1218 4262 habuerit
1236 4205 1325 4260 mino-

178 4313 235 4351 rem
250 4293 375 4350 aureius
391 4309 446 4362 res,
458 4293 533 4347 hunc
549 4309 606 4348 non
624 4292 741 4348 omnino
758 4292 795 4348 ad
811 4292 986 4348 curationem
1003 4291 1072 4360 eius,
1085 4291 1130 4345 vel
1143 4289 1166 4344 si
1180 4307 1198 4346 a
1214 4289 1324 4361 legibus

178 4389 297 4448 vocetur,
310 4377 463 4433 accedere’
476 4378 503 4431 N
506 4395 550 4432 ov.
564 4391 607 4444 72.
623 4393 645 4434 1.

212 4461 268 4534 §5-
286 4464 343 4518 Yet
362 4460 391 4532 ll,
403 4477 474 4518 even
487 4463 580 4518 where
596 4479 614 4518 a
628 4479 695 4518 man
708 4461 825 4533 already
839 4462 896 4518 had
909 4461 989 4518 three
1001 4459 1193 4531 independent
1210 4459 1323 4529 tutelae,
