3166 5022
254 307 315 375 228
458 312 810 372 JNSTITUTIONUM
826 311 947 368 LIBRI
966 311 1203 384 QUATTUOR.
1295 314 1406 382 [usu.

225 480 363 566 lgilitas
379 479 412 544 in
428 479 606 563 perniciem
620 476 828 544 substantiae
850 497 965 541 earum
982 485 1235 542 converteretur.
1280 474 1406 541 Contra

253 595 367 652 autem
383 585 526 649 creditor
541 585 660 668 pignus
683 605 727 647 ex
750 583 914 665 pactione,
937 583 1089 664 quamvis
1112 582 1182 645 eius
1204 601 1244 646 ea
1266 601 1318 644 res
1338 601 1405 644 non

254 689 307 765 sit,
322 687 465 753 alienare
480 696 599 770 potest.
644 687 704 752 sed
727 687 791 751 hoc
813 686 951 752 forsitan
973 687 1049 751 ideo
1068 686 1198 750 videtur
1219 685 1298 760 fieri,
1314 685 1406 768 quod

254 791 427 858 voluntate
449 792 609 856 debitoris
631 790 837 874 intellegitur
858 791 979 874 pignus
1001 791 1154 869 alienare,
1176 791 1232 872 qui
1250 789 1293 853 ab
1312 788 1406 852 initio

255 903 444 960 contractus
466 904 583 978 pactus
609 904 669 975 est,
692 903 730 959 ut
751 895 866 960 liceret
888 894 1041 959 creditori
1063 895 1184 976 pignus
1206 893 1358 968 vendere,
1377 890 1406 954 si

256 999 396 1084 pecunia
415 1019 482 1063 non
504 997 659 1064 solvatur.
704 998 762 1063 sed
787 1019 830 1063 ne
855 999 1034 1064 creditores
1058 999 1109 1061 ius
1131 1017 1227 1061 suum
1253 995 1406 1079 persequi

256 1102 494 1186 impedirentur
505 1123 612 1185 neque
628 1102 796 1168 debitores
812 1111 937 1166 temere
952 1122 1085 1166 suarum
1101 1121 1209 1165 rerum
1222 1099 1406 1164 dominium

256 1207 410 1273 amittere
417 1207 601 1285 videantur,
612 1215 724 1271 nostra
738 1207 974 1271 constitutione
989 1206 1177 1272 consultum
1191 1213 1241 1268 est
1254 1213 1288 1268 et
1297 1211 1406 1268 certus

257 1311 376 1375 modus
402 1311 576 1394 impositus
602 1321 661 1388 est,
691 1331 750 1394 per
776 1331 876 1394 quern
902 1311 1079 1394 pignorum
1103 1309 1274 1374 distractio
1301 1307 1407 1390 possit

256 1415 443 1497 procedere,
457 1413 549 1478 cuius
564 1422 680 1478 tenure
696 1414 827 1496 utrique
842 1415 928 1498 parti
948 1413 1148 1479 creditorum
1165 1421 1199 1476 et
1216 1411 1405 1476 debitorum

189 1512 191 1516 ’
226 1519 338 1583 2satis
357 1517 556 1600 abundeque
578 1517 747 1600 provisum
770 1527 830 1583 est.
874 1519 973 1582 Nunc
996 1517 1197 1582 admonendi
1219 1535 1333 1580 sumus
1349 1535 1408 1578 ne·

256 1644 322 1707 que
337 1623 500 1706 pupillum
522 1643 629 1705 neque
646 1622 807 1705 pupillam
830 1621 933 1686 ullam
956 1642 1026 1687 rem
1047 1623 1117 1685 sine
1132 1619 1251 1686 tuturis
1266 1619 1407 1684 auctori·

256 1735 328 1792 tate
343 1726 487 1791 alienare
505 1745 612 1808 posse.
656 1725 799 1807 ideoque
814 1725 841 1789 si
859 1734 1010 1790 mutuam
1029 1725 1203 1809 pecuniam
1224 1724 1320 1788 alicui
1336 1723 1407 1786 sine

256 1829 376 1894 tutoris
396 1830 594 1894 auctoritate
616 1829 753 1903 dederit,
777 1849 843 1893 non
866 1829 1030 1895 contrahit
1055 1828 1302 1912 obligationem,
1328 1825 1408 1908 quia

189 2003 194 2010 ,
257 1933 525 2016 pecuniam·nun
550 1931 630 1998 facit
655 1932 855 2015 accipientis.
899 1932 1041 2016 ideoque
1064 1931 1230 1997 vindicare
1253 1949 1408 1993 nummos

257 2047 407 2121 possunt,
422 2036 526 2100 sicubi
550 2045 687 2101 extent:
710 2036 770 2101 sed
794 2037 822 2100 si
843 2037 978 2112 nummi,
996 2057 1080 2120 quus
1098 2045 1232 2100 mutuus
1248 2033 1349 2113 dedit,
1363 2031 1408 2097 ab

258 2143 371 2224 coqui
387 2141 514 2224 accepit
534 2141 623 2205 bona
643 2141 710 2205 fide
736 2141 925 2224 consumpti
951 2151 1036 2219 sunt,
1060 2140 1188 2205 cundici
1210 2149 1358 2223 possunt,
1380 2137 1408 2201 si

259 2244 348 2310 mala
362 2244 437 2321 fide,
454 2245 496 2308 ad
513 2243 739 2310 exhibendum
755 2246 798 2310 de
816 2245 868 2309 his
889 2244 943 2328 agi
966 2253 1088 2328 potest.
1133 2255 1168 2308 at
1184 2264 1228 2308 ex
1243 2241 1408 2308 contrario

258 2370 375 2414 omnes
396 2369 447 2413 res
473 2348 599 2432 pupillo
622 2357 657 2413 et
680 2348 827 2432 pupillae
854 2350 925 2414 sine
950 2347 1069 2414 tuturis
1096 2348 1293 2412 auctoritate
1317 2355 1407 2410 recte

258 2453 330 2519 dari
345 2463 493 2536 possunt.
530 2452 672 2536 ideoque
687 2453 715 2516 si
731 2453 862 2517 debitur
881 2452 1008 2536 pupillo
1026 2451 1141 2528 solvat,
1159 2451 1341 2516 necessaria
1356 2459 1409 2514 est

256 2556 376 2621 tutoris
400 2556 598 2620 auctoritas:
631 2555 778 2640 alioquin
801 2577 867 2621 non
891 2556 1091 2621 liberabitur.
1135 2557 1194 2620 sed
1220 2556 1320 2618 etiam
1343 2552 1407 2617 hoc

257 2659 504 2724 evidentissima
521 2661 650 2724 ratione
667 2669 831 2726 statutum
855 2670 906 2726 est
928 2662 962 2725 in
985 2662 1229 2736 constitutione,
1246 2679 1347 2744 quam
1363 2659 1408 2723 ad

259 2761 498 2829 Caesareenses
509 2766 691 2830 advocatos
702 2786 746 2830 ex
762 2766 975 2850 suggestione
989 2765 1183 2830 Triboniani
1191 2765 1251 2829 viri
1262 2763 1408 2828 eminen-

257 2869 376 2934 tissimi
402 2869 587 2951 quaesturis
620 2871 703 2933 sacri
742 2870 857 2953 palatii
893 2869 995 2934 nostri
1024 2869 1315 2954 promulgavimus,
1340 2888 1409 2950 qua

259 2971 456 3055 dispositum
473 2981 524 3038 est
544 2973 592 3037 ita
609 2972 706 3037 licere
728 2974 831 3039 tutori
853 2972 906 3038 vel
929 2973 1071 3038 curaturi
1093 2973 1278 3038 debitorem
1299 2971 1410 3055 pupil-

258 3075 361 3140 larem
381 3075 516 3153 solvere,
537 3086 574 3140 ut
596 3077 686 3159 prius
709 3078 875 3142 sententia
897 3077 1057 3142 iudicialis
1079 3078 1150 3142 sine
1172 3062 1264 3140 omni
1284 3076 1409 3140 damno

257 3178 425 3245 celebrata
441 3179 506 3245 hoc
521 3181 703 3264 permittat.
748 3203 815 3265 quo
835 3182 1022 3258 subsecuto,
1040 3181 1068 3245 si
1089 3190 1124 3245 et
1144 3181 1247 3244 iudex
1262 3197 1409 3262 pronun·

166 3307 168 3312 ·
258 3283 390 3350 tiaverit
415 3293 450 3349 et
475 3283 608 3350 debitur
637 3284 779 3363 solverit,
811 3286 962 3368 sequitur
990 3283 1180 3349 huiusmodi
1210 3275 1414 3347 solutionem

258 3387 451 3473 plenissima
485 3389 650 3454 securitas.
705 3391 892 3454 sinautem
924 3388 1021 3454 aliter
1053 3408 1154 3471 quam
1187 3385 1411 3469 disposuimus

258 3491 383 3556 solutio
398 3491 485 3556 sacta
500 3491 599 3556 suerit
615 3502 648 3558 et
663 3493 836 3576 pecuniam
853 3491 980 3557 salvam
995 3491 1118 3557 habeat
1133 3489 1278 3574 pupillus
1293 3498 1351 3554 aut
1366 3510 1411 3552 ex

260 3615 302 3659 ea
316 3594 513 3676 locupletior
532 3595 575 3660 sit
593 3605 628 3660 et
650 3597 759 3662 adhuc
780 3598 921 3662 eandem
940 3616 1104 3660 summam
1125 3595 1285 3678 pecuniae
1307 3601 1412 3676 petat,

260 3717 320 3781 per
343 3699 576 3779 exceptiobem
610 3699 677 3763 doli
710 3700 787 3764 mali
812 3700 1012 3765 summoveri
1034 3701 1175 3782 poterit:
1210 3697 1329 3781 quodsi
1352 3706 1413 3761 aut

262 3800 350 3865 male
370 3801 610 3884 consumpserit
629 3812 688 3868 aut
709 3803 798 3870 furto
820 3805 975 3884 amiserit,
999 3803 1079 3868 nihil
1102 3803 1249 3887 proderit
1269 3801 1412 3867 debitori

260 3903 330 3970 doli
347 3904 425 3967 mali
441 3905 605 3988 exceptio,
621 3907 678 3970 sed
700 3907 802 3971 nihilo
825 3909 934 3974 minus
957 3908 1176 3986 damnabitur,
1192 3907 1271 3990 quia
1286 3915 1413 3970 temere

260 4009 331 4074 sine
341 4008 460 4072 tutoris
471 4009 667 4076 auctoritate
678 4019 712 4075 et
723 4030 790 4074 non
805 4013 988 4076 secundum
1003 4021 1150 4076 nostram
1162 4011 1413 4094 dispositionem
1455 4043 1459 4052 ι

298 4263 313 4331 §
327 4265 353 4316 1.
372 4263 431 4316 For
442 4262 491 4317 the
503 4277 598 4331 power
610 4261 641 4316 of
651 4264 710 4317 sale
727 4260 756 4316 in
772 4279 790 4318 a
807 4261 909 4334 pignus
927 4262 985 4318 and
996 4263 1041 4319 for
1052 4262 1216 4335 Justinian’s
1228 4279 1291 4318 own
1303 4261 1414 4331 regula·

261 4345 337 4402 tions
349 4345 469 4400 thereun
482 4361 529 4400 see
544 4345 687 4400 Excursus
702 4347 741 4400 11.
754 4345 803 4402 ins.

298 4431 313 4498 t
327 4431 357 4483 2.
376 4429 434 4483 For
445 4428 494 4484 the
507 4426 648 4500 necessity
660 4427 693 4482 ol
701 4428 750 4485 the
762 4427 923 4498 guardian’s
936 4429 1090 4488 auctoritas
1104 4429 1132 4486 in
1146 4429 1253 4488 certain
1266 4431 1372 4487 classes
1385 4430 1419 4486 of
