3166 5022
232 324 295 396 232
435 314 786 373 INSTITUTJONUM
803 313 922 370 LIBRI
941 312 1176 387 QUATTUOR.
1272 316 1334 384 [cn.
1348 319 1381 372 ιι.

231 477 358 544 alienus
387 498 517 543 servus:
555 478 645 561 quod
676 477 765 543 enim
794 475 919 560 placuit
949 477 992 542 de
1021 475 1268 557 usufructuario,
1291 477 1381 542 idem

232 581 343 666 placet
359 591 393 646 et
408 583 451 646 de
466 582 576 646 bonae
593 581 672 646 fidei
694 601 893 664 possessore.
938 580 1052 664 itaque
1074 581 1164 664 quod
1185 591 1281 648 extra
1298 582 1382 646 duas

233 685 313 749 istas
332 705 447 750 causas
463 685 655 769 adquiritur,
675 684 709 749 id
730 684 784 748 vel
806 685 850 748 ad
873 684 981 767 ipsum
1004 687 1157 768 pertinet,
1177 685 1206 748 si
1225 684 1307 749 liber
1322 695 1382 764 est,

232 788 286 854 vel
301 791 344 854 ad
360 789 540 868 dominum,
556 789 583 853 si
598 809 711 854 servus
727 798 785 854 est.
829 789 889 852 sed
904 789 1014 853 bonae
1029 788 1108 855 fidei
1123 809 1292 872 possessor
1307 809 1383 854 cnm

233 894 419 978 usuceperit
430 913 569 974 servum,
584 895 662 978 quia
677 914 717 958 eo
732 893 833 958 modo
849 893 1005 958 dominus
1020 893 1067 971 fit,
1083 914 1128 958 ex
1142 894 1383 958 omnibuscau-

232 998 278 1062 sis
292 1017 352 1080 per
372 1017 449 1062 eum
469 997 532 1061 sibi
548 999 722 1081 adquirere
744 1004 873 1080 potest:
902 997 1098 1061 imctuarius
1111 1017 1189 1062 vero
1204 1016 1384 1079 usucapere

234 1122 302 1166 non
321 1109 443 1185 potest,
460 1102 604 1185 primum
627 1103 705 1186 quia
727 1121 793 1165 non
815 1101 972 1185 possidet,
994 1101 1054 1164 sed
1075 1101 1179 1166 habet
1201 1101 1251 1166 ius
1268 1101 1383 1165 utendi

233 1205 373 1284 fruendi,
396 1205 516 1270 deinde
539 1207 617 1288 quia
639 1205 701 1270 scit
722 1224 852 1269 servum
874 1203 1019 1268 alienum
1046 1225 1126 1270 esse.
1183 1225 1251 1269 non
1276 1204 1383 1268 solum

233 1318 348 1374 autem
374 1311 559 1394 proprietas
588 1330 729 1394 percos
754 1329 874 1384 servos,
905 1309 939 1372 in
970 1309 1089 1392 quibus
1119 1330 1215 1374 usum
1241 1307 1383 1374 fructum

232 1412 365 1478 habetis
374 1413 427 1478 vel
437 1435 520 1497 quos
531 1415 620 1478 bona
635 1413 701 1479 fide
712 1413 897 1496 possidetis,
911 1412 965 1478 vel
980 1433 1039 1496 per
1049 1413 1186 1478 liberam
1199 1434 1384 1498 personam,

234 1537 320 1598 quae
337 1517 427 1582 bona
444 1517 511 1582 fide
532 1518 626 1582 vobis
649 1517 756 1597 servit,
779 1517 962 1600 adquiritur
983 1517 1085 1596 vobis,
1107 1519 1166 1582 sed
1187 1519 1288 1584 etiam
1306 1538 1383 1601 pos·

233 1619 357 1685 sessior
395 1621 562 1704 loquimur
600 1631 714 1686 autem
753 1623 787 1684 in
824 1621 993 1704 utriusque
1033 1641 1174 1704 persona
1202 1623 1384 1687 secundum

233 1722 471 1801 definitionem,
502 1745 604 1808 quam
634 1725 789 1808 proxime
818 1726 1044 1808 exposuimus,
1082 1725 1115 1790 id
1154 1734 1205 1792 est
1230 1726 1384 1809 siquam

233 1828 476 1909 possessionem
492 1849 536 1892 ex
551 1847 586 1892 re
600 1837 710 1893 vestra
728 1827 782 1893 vel
806 1849 850 1892 ex
873 1827 1027 1910 operibus
1043 1827 1110 1892 suis
1125 1829 1238 1912 adepti
1253 1828 1384 1894 suerint

204 1929 292 1994 5Ex
309 1929 362 1994 his
384 1931 497 2014 itaque
519 1940 660 2014 apparet
682 1951 742 2014 per
763 1931 883 1996 liberos
905 1931 1067 2008 homines,
1091 1952 1175 2015 quos
1196 1952 1305 2016 neque
1323 1933 1384 1998 iuri

233 2045 344 2100 vestro
360 2036 527 2101 subiectos
544 2036 675 2102 habetis
693 2057 801 2119 neque
823 2036 912 2100 bona
934 2035 1001 2100 fide
1023 2037 1207 2119 possidetis,
1224 2038 1305 2101 item
1325 2057 1385 2122 per

232 2139 359 2204 alienos
376 2160 495 2218 servos,
517 2141 551 2204 in
571 2141 690 2225 quibus
709 2161 817 2225 neque
840 2161 937 2204 usum
960 2139 1102 2205 fructum
1124 2139 1255 2206 habetis
1277 2161 1385 2225 neque

233 2242 355 2308 iustam
371 2245 623 2329 possessionem,
644 2245 736 2310 nulla
758 2265 803 2310 ex
825 2265 923 2310 causa
945 2246 1040 2310 vobis
1054 2246 1182 2329 adquiri
1198 2267 1305 2329 posse.
1350 2256 1385 2312 et

232 2346 298 2412 hoc
320 2358 380 2427 est,
403 2351 494 2432 quod
518 2343 637 2414 dicitur
658 2369 718 2434 per
741 2359 936 2414 extraneam
959 2345 1143 2432 personam
1155 2349 1235 2415 nihil
1256 2349 1384 2433 adquiri

233 2471 352 2536 posse:
383 2463 527 2537 excepto
548 2474 597 2533 eo,
626 2454 717 2537 quod
746 2474 806 2536 per
830 2453 968 2518 liberam
995 2473 1171 2536 personam
1198 2455 1299 2519 veluti
1326 2474 1385 2539 per

232 2566 480 2640 procuratorem
504 2557 615 2641 placet
639 2578 706 2623 non
732 2559 840 2622 solum
867 2559 1055 2636 scientibus,
1080 2561 1139 2624 sed
1164 2560 1265 2624 etiam
1290 2562 1384 2644 igno-

233 2661 382 2726 rantibus
406 2663 500 2727 vobis
529 2663 658 2746 adquiri
688 2664 931 2746 possessionem
961 2665 1143 2728 secundum
1173 2665 1240 2729 divi
1271 2663 1384 2730 Severi

141 2810 146 2824 .
233 2764 504 2828 constitutionem
519 2773 554 2829 et
574 2785 634 2848 per
654 2765 740 2829 hanc
762 2765 1005 2848 possessionem
1028 2768 1129 2832 etiam
1149 2767 1341 2847 dominium,
1356 2769 1384 2832 si

233 2867 389 2931 dominus
403 2867 465 2932 luit
479 2869 535 2951 qui
550 2868 697 2942 tradidit,
717 2869 771 2934 vel
792 2871 1027 2953 usucapionem
1046 2881 1104 2938 aut
1119 2872 1210 2956 longi
1225 2873 1385 2956 temporis

232 2971 536 3056 praescriptionem,
550 2973 578 3036 si
593 2974 746 3038 dominus
762 2993 828 3038 non
843 2975 895 3040 sit.

233 3192 357 3246 possess,
369 3176 414 3231 sor
431 3177 480 3232 the
497 3177 582 3232 latter
599 3192 788 3247 presupposes
805 3193 823 3232 a
837 3177 983 3234 condition
997 3178 1025 3233 in
1038 3180 1130 3235 which
1142 3179 1201 3238 free
1213 3180 1322 3237 actions
1335 3196 1385 3236 are

233 3260 367 3331 possible,
382 3259 516 3330 Savigny,
530 3262 610 3316 Poss.
625 3262 640 3329 i
654 3275 679 3330 9.

271 3343 306 3397 ln
320 3343 408 3399 Gaius
426 3343 465 3412 (ii.
478 3344 524 3415 94)
544 3343 565 3400 it
584 3343 609 3399 is
627 3343 721 3400 stated
739 3359 771 3400 as
790 3360 809 3400 a
828 3343 958 3416 question
979 3345 1105 3402 whether
1126 3363 1180 3402 one
1195 3363 1248 3402 can
1270 3345 1385 3418 acquire

233 3427 398 3498 possession
410 3429 533 3498 through
546 3444 564 3483 a
575 3429 654 3484 slave
666 3427 695 3482 in
708 3427 801 3483 whom
814 3445 869 3484 one
881 3429 934 3484 has
947 3445 965 3483 a
976 3429 1122 3497 usufruct3
1140 3431 1191 3486 but
1204 3429 1225 3485 it
1237 3429 1295 3484 had
1310 3429 1384 3486 been

233 3511 337 3566 settled
356 3511 384 3566 in
403 3512 453 3566 the
470 3511 637 3568 affirmative
655 3511 757 3582 hythe
776 3512 845 3567 time
863 3513 897 3566 oi
912 3511 1059 3583 Papinian,
1073 3530 1110 3568 on
1128 3515 1176 3569 the
1194 3513 1304 3584 ground
1322 3514 1385 3570 that

233 3595 342 3663 though
361 3611 416 3649 one
432 3595 501 3650 does
516 3605 566 3650 not
584 3611 699 3665 possess
716 3594 785 3662 him,
798 3611 853 3650 one
868 3595 938 3650 does
957 3605 1006 3651 not
1023 3613 1138 3667 possess
1154 3615 1172 3652 a
1188 3596 1385 3653 filiusfamilias

233 3676 332 3746 either,
352 3678 456 3732 Paulus
476 3677 505 3732 in
528 3678 595 3748 Dig.
608 3692 650 3747 41·
665 3693 691 3732 2.
707 3693 730 3732 1.
742 3678 779 3733 8:
801 3678 984 3749 presumably
1004 3681 1053 3735 the
1073 3681 1161 3738 doubt
1180 3681 1333 3750 expressed
1355 3680 1384 3736 in

234 3758 323 3814 Gaius
337 3759 365 3813 ii.
377 3774 414 3829 90
425 3777 482 3815 was
495 3761 599 3815 settled
611 3759 640 3815 in
653 3761 701 3815 the
714 3777 794 3816 same
806 3777 932 3816 manner.
959 3763 1014 3817 But
1027 3763 1076 3818 the
1088 3763 1175 3818 limits
1186 3763 1282 3818 within
1292 3762 1384 3819 which

233 3843 271 3898 he
289 3843 373 3898 could
392 3843 506 3914 acquire
526 3843 691 3914 possession
708 3844 752 3898 lor
769 3845 818 3900 the
839 3861 943 3915 person
956 3846 1019 3899 who
1040 3846 1099 3902 had
1120 3847 1169 3903 the
1190 3849 1315 3903 usufruct
1335 3864 1385 3903 are

233 3925 317 3994 fixed,
329 3925 468 3998 precisely
486 3943 518 3982 as
536 3927 604 3997 they
622 3944 670 3982 are
689 3927 765 3996 here,
778 3928 817 3996 by
830 3927 968 3998 Papinian
985 3927 1014 3983 in
1026 3929 1093 4000 Dig.
1105 3945 1148 3997 41.
1162 3945 1185 3986 2.
1199 3945 1241 4000 49
1256 3947 1306 4000 pr,
1319 3931 1384 3986 who

233 4009 361 4081 explains
374 4009 472 4066 Gaius’
484 4010 620 4080 difficulty
631 4010 671 4081 by
682 4011 844 4080 remarking
856 4013 918 4067 that
937 4013 985 4067 the
1004 4013 1200 4084 usufructuarii
1212 4025 1241 4069 at
1254 4031 1311 4084 any
1322 4025 1384 4070 rate

232 4095 286 4151 has
299 4093 445 4150 detention
458 4094 490 4148 of
498 4095 547 4150 the
562 4095 648 4162 slave,
660 4094 718 4150 and
731 4094 876 4150 detention
890 4095 1030 4152 ‘horrows
1042 4097 1127 4154 much
1140 4097 1212 4152 from
1225 4097 1274 4152 the
1287 4097 1357 4152 law!

268 4181 283 4247 §
298 4182 326 4235 5.
345 4179 372 4232 A
383 4194 486 4248 person
499 4179 565 4232 who
575 4195 633 4234 was
652 4187 701 4234 not
720 4178 749 4234 in
768 4195 820 4234 our
837 4189 973 4250 potestas,
986 4197 1096 4251 manus,
1109 4199 1142 4236 or
1154 4179 1336 4252 mancipium,
1349 4197 1382 4238 or

231 4262 309 4317 bona
330 4261 386 4317 lide
407 4262 560 4332 possessed
581 4262 628 4332 by,
651 4278 683 4317 or
704 4279 722 4318 a
743 4263 820 4319 slave
839 4263 869 4318 in
888 4264 1013 4320 usufruct
1035 4274 1073 4335 to,
1095 4282 1138 4329 us,
1158 4281 1216 4320 was
1234 4264 1326 4320 called
1345 4282 1382 4320 an

232 4355 367 4400 extranea
378 4361 501 4415 persona
514 4346 597 4422 :land
615 4348 664 4402 the
680 4346 780 4402 earlier
799 4349 912 4403 Roman
932 4348 993 4416 law,
1013 4365 1046 4403 so
1064 4349 1107 4403 lar
1126 4349 1198 4403 from
1216 4347 1347 4419 allowing
1365 4365 1384 4404 a

233 4443 300 4484 man
317 4437 347 4483 to
363 4427 477 4502 acquire
490 4429 649 4504 ownership
661 4429 783 4504 through
802 4431 872 4488 such
891 4448 929 4490 au
947 4431 1074 4492 outsider
1091 4441 1121 4492 to
1139 4431 1208 4504 him,
1222 4431 1314 4492 would
1332 4441 1384 4492 not
