3028 5016
120 273 169 321 Tit.
185 263 235 332 17.]
474 259 536 316 DE
558 257 724 316 orricio
745 258 916 316 IUDICJS.
1203 248 1266 335 603

120 429 282 505 iudicavit,
293 427 463 492 absolvere
475 425 575 492 debet
586 445 818 509 possessorem,
830 425 898 492 sive
910 434 1024 490 contra
1036 445 1267 508 possessorem,

120 533 232 597 iubere
248 553 324 596 eum
340 531 449 610 debet,
467 539 504 595 ut
526 550 594 594 rem
610 531 716 611 ipsam
732 531 885 594 restituat
900 549 976 594 cum
996 531 1162 596 fructibus.
1207 528 1266 592 sed

119 637 147 700 si
174 638 207 700 in
233 637 398 720 praesenti
425 644 524 716 neget
550 655 586 698 se
611 653 780 717 possessor
806 635 977 700 restituere
1003 655 1100 718 posse
1129 644 1163 698 et
1195 633 1266 698 sine

120 741 329 804 frustratione
349 739 513 803 videbitur
534 749 666 821 tempus
688 737 881 802 restituendi
904 757 1002 804 causa
1021 747 1142 821 petere,
1159 737 1265 802 indul·

119 846 264 927 gendum
289 853 340 910 est
366 843 404 921 ei,
431 853 467 906 ut
497 853 609 906 tamen
633 843 676 906 de
702 841 769 906 litis
796 842 1025 906 aestimatione
1050 850 1165 906 caveat
1191 860 1265 904 cum

119 948 316 1025 fideiussore,
332 947 360 1011 si
376 947 460 1011 intra
475 956 607 1028 tempus
623 946 712 1029 quod
729 944 758 1010 ei
775 946 891 1010 datum
910 955 961 1010 est
980 965 1046 1010 non
1062 946 1266 1012 restituisset.

120 1061 155 1115 et
178 1052 206 1116 si
232 1051 398 1116 hereditas
424 1052 529 1133 petita
556 1049 608 1126 sit,
634 1049 751 1114 eadem
776 1051 860 1114 circa
886 1050 1009 1116 fructus
1039 1049 1267 1127 interveniunt,

119 1175 205 1238 quae
234 1155 380 1218 diximus
410 1154 605 1218 intervenire
640 1154 672 1218 in
709 1153 914 1236 singularum
952 1173 1060 1219 rerum
1095 1153 1266 1235 petitione.

119 1259 249 1322 illorum
274 1267 387 1323 autem
406 1258 580 1333 fructuum,
604 1277 688 1340 quos
715 1257 811 1340 culpa
832 1277 892 1322 sua
914 1277 1083 1340 possessor
1104 1277 1170 1322 non
1193 1276 1266 1340 per·

120 1363 253 1445 ceperit,
276 1362 309 1425 in
333 1372 472 1444 utraque
494 1363 624 1426 actione
647 1361 765 1428 eadem
791 1363 874 1426 ratio
896 1382 1002 1446 paene
1024 1361 1070 1438 fit,
1093 1361 1121 1424 si
1144 1361 1267 1446 praedo

119 1465 226 1530 fuerit.
270 1467 297 1528 si
320 1487 398 1531 vero
421 1465 596 1530 bonafide
619 1485 790 1550 possessor
809 1464 916 1541 fuerit,
936 1485 1002 1530 non
1025 1463 1166 1530 habetur
1184 1464 1267 1533 ratio

120 1579 390 1654 consumptorum
429 1591 536 1652 neque
576 1589 643 1634 non
678 1579 930 1652 perceptorum:
967 1577 1044 1652 post
1079 1567 1266 1634 inchoatam

118 1684 230 1738 autern
267 1674 462 1756 petitionem
492 1675 593 1738 etiam
624 1673 753 1738 illorum
790 1673 874 1738 ratio
907 1672 1055 1749 habetur,
1084 1672 1140 1758 qui
1170 1671 1267 1755 culpa

119 1778 317 1860 possessoris
342 1777 488 1861 percepti
515 1797 581 1840 non
612 1787 689 1842 sunt
714 1775 767 1841 vel
794 1777 940 1860 percepti
968 1775 1153 1858 consumpti
1179 1785 1266 1840 sunt.

120 1880 157 1945 Si
179 1882 222 1944 ad
242 1881 467 1945 exhibendum
488 1891 600 1945 actum
620 1879 726 1956 fuerit,
744 1901 809 1944 non
828 1881 955 1959 sufficit,
971 1881 999 1946 si
1019 1879 1177 1946 exhibeat
1197 1893 1297 1946 rem3

120 1985 147 2047 is
174 2005 250 2048 cum
275 2006 343 2068 quo
369 1995 481 2050 actum
505 1993 564 2064 est,
590 1985 650 2049 sed
676 2005 759 2068 opus
786 1995 844 2064 est,
873 1994 910 2050 ut
937 1985 1037 2048 etiam
1063 2003 1196 2048 causam
1222 1983 1266 2046 rei

119 2089 239 2152 debeat
263 2088 430 2168 exhibere,
453 2089 559 2153 idest
584 2098 621 2153 ut
646 2108 719 2154 eam
744 2109 877 2154 causam
901 2087 1022 2152 habeat
1044 2097 1144 2162 actor,
1165 2106 1266 2169 quam

118 2191 290 2256 habiturus
325 2202 421 2270 esset,
451 2191 487 2264 si,
520 2213 596 2256 curn
626 2193 769 2276 primurn
802 2192 846 2256 ad
881 2191 1106 2256 exhibendum
1138 2191 1268 2272 egisset,

119 2294 270 2360 exhibita
293 2317 344 2360 res
365 2295 499 2360 fuisset:
521 2296 662 2378 ideoque
685 2297 712 2359 si
736 2297 821 2360 inter
843 2317 952 2360 moras
973 2304 1131 2378 usucapta
1153 2295 1195 2358 sit
1216 2313 1268 2357 res

118 2421 139 2462 a
159 2420 356 2484 possessore,
372 2399 474 2464 nihilo
492 2399 600 2463 minus
619 2401 866 2465 condemnatur.
910 2409 1081 2484 praeterea
1101 2399 1266 2462 fructuum

119 2504 219 2567 medii
246 2505 414 2588 temporis,
442 2505 476 2568 id
503 2513 554 2568 est
580 2505 660 2580 eius,
684 2505 771 2586 quod
799 2513 875 2588 post
900 2513 1073 2586 acceptum
1103 2503 1146 2566 ad
1173 2500 1266 2565 exhi-

118 2609 265 2672 bendum
292 2609 448 2673 iudicium
474 2618 552 2673 ante
579 2629 648 2674 rem
676 2609 854 2672 iudicatam
885 2608 1078 2684 intercessit,
1105 2606 1266 2670 rationem

117 2711 241 2776 habere
270 2713 371 2777 debet
400 2713 512 2777 iudex.
568 2713 657 2796 quod
684 2713 712 2776 si
742 2723 840 2796 neget
871 2713 907 2790 is,
935 2733 1011 2777 cum
1041 2731 1107 2794 quo
1136 2709 1180 2774 ad
1208 2731 1266 2772 cx-

118 2815 300 2880 hibendum
316 2827 428 2880 actum
445 2827 503 2892 est,
517 2817 549 2879 in
565 2819 730 2899 praesenti
747 2816 904 2881 exhibere
920 2837 956 2880 se
971 2836 1068 2899 posse
1084 2823 1118 2878 et
1133 2822 1266 2895 tempus

119 2919 300 2983 exhibendi
316 2940 415 2984 causa
431 2930 525 3002 petat
546 2921 645 3002 idque
661 2921 731 2984 sine
746 2921 956 2984 frustratione
972 2917 1140 3002 postulare
1154 2917 1266 2981 videa-

119 3032 181 3098 tur,
204 3023 273 3086 dari
297 3023 326 3085 ei
348 3023 457 3100 debet,
478 3032 514 3086 ut
532 3031 645 3086 tamen
666 3035 781 3088 caveat
803 3044 838 3090 se
863 3024 1107 3088 restituturum:
1129 3019 1218 3104 quod
1239 3019 1266 3082 si

120 3146 226 3209 neque
250 3127 364 3190 statim
389 3126 477 3189 iussu
505 3126 620 3190 iudicis
644 3147 713 3190 rem
738 3126 896 3191 exhibeat
923 3147 1030 3208 neque
1061 3135 1177 3208 postea
1207 3145 1267 3186 ex·

118 3397 163 3454 his
184 3397 356 3469 application
379 3397 471 3454 would
492 3407 542 3454 not
564 3397 600 3454 be
620 3408 670 3468 put
692 3397 775 3452 down
797 3407 827 3452 to
848 3396 999 3466 frustratio,
1019 3397 1086 3466 only
1108 3395 1200 3450 where
1218 3396 1267 3452 the

117 3481 245 3538 obstacle
258 3500 315 3538 was
328 3483 446 3550 natural,
461 3480 568 3553 ‘neque
586 3491 697 3538 tantum
715 3481 744 3538 in
760 3479 848 3552 ipsius
862 3480 997 3536 debitoris
1015 3497 1137 3551 persona
1148 3480 1267 3536 facultas

118 3566 205 3622 dandi
225 3567 323 3635 deest,'
341 3567 375 3622 cf.
391 3567 457 3637 Dig.
469 3579 513 3636 45.
530 3582 550 3622 1.
564 3579 607 3635 73
621 3583 662 3638 pr.
682 3564 838 3622 ‘interdurn
858 3582 928 3636 pura
947 3563 1090 3635 stipulatio
1105 3582 1139 3619 ex
1156 3581 1186 3619 re
1206 3563 1267 3633 ipsa

119 3649 283 3706 dilationem
302 3650 386 3722 capit,
400 3651 485 3707 veluti
507 3649 530 3706 si
554 3650 583 3706 id
603 3651 680 3722 quod
701 3651 730 3706 in
749 3659 829 3706 utero
847 3648 883 3706 sit
902 3659 950 3706 aut
968 3648 1074 3704 fructus
1092 3648 1199 3703 futuros
1219 3658 1267 3704 aut

118 3733 235 3790 domum
260 3733 402 3790 aedificari
422 3735 571 3806 stipulatus
590 3733 643 3804 sit,'
662 3733 805 3802 ib.137.4
824 3733 891 3790 ‘sed
910 3734 982 3788 haec
1000 3731 1136 3787 recedunt
1158 3731 1195 3786 ab
1216 3730 1266 3786 irn-

119 3817 283 3886 pedimento
295 3817 415 3873 naturali
428 3829 456 3874 et
469 3818 621 3889 respiciunt
635 3819 672 3874 ad
685 3819 848 3874 facultatem
858 3815 945 3872 dandi
959 3836 964 3872 :
983 3825 1027 3872 est
1040 3825 1135 3872 autern
1148 3815 1266 3872 facultas

118 3917 257 3971 personae
270 3901 453 3956 commodum
465 3901 741 3972 incommodumque,
754 3919 811 3956 non
824 3919 917 3956 rerum
930 3917 1003 3971 quae
1015 3899 1232 3969 promittuntur.'

155 3985 179 4038 F
181 4001 213 4038 or
234 3984 282 4038 the
301 3983 452 4040 difference
471 3985 599 4040 between
621 4001 638 4040 a
657 3985 734 4040 bona
756 3985 812 4040 fide
831 3985 889 4040 and
908 4001 926 4040 a
945 3983 1022 4040 mala
1043 3982 1098 4037 fide
1119 3999 1268 4052 possessor

120 4066 248 4138 (praedo)
263 4066 291 4121 in
308 4077 418 4137 respect
434 4067 467 4122 of
479 4066 597 4136 liability
610 4067 653 4122 for
665 4068 770 4122 fructus
788 4085 836 4122 see
848 4085 885 4122 on
900 4067 951 4122 Bk
966 4066 994 4122 ii.
1010 4081 1031 4120 1.
1045 4077 1078 4134 35
1093 4081 1167 4135 supr.
1204 4065 1266 4120 The

116 4152 244 4206 formers
256 4152 363 4206 mental
376 4150 496 4206 attitude
508 4168 566 4206 was
578 4151 616 4220 by
629 4169 647 4206 a
660 4150 755 4206 fiction
772 4150 954 4221 represented
969 4167 1001 4206 as
1018 4149 1124 4218 having
1136 4149 1266 4217 changed

118 4245 147 4291 at
160 4233 216 4290 litis
229 4234 416 4291 contestatio:
439 4235 547 4292 ‘bonae
564 4235 629 4292 fidei
643 4251 791 4306 possessor
803 4244 903 4306 postea
921 4233 948 4304 (i.
957 4251 982 4292 e.
995 4231 1083 4304 petita
1097 4229 1264 4299 hereditate)

117 4329 146 4376 et
160 4319 220 4390 ipse
233 4319 339 4390 praedo
352 4319 410 4375 est’
424 4318 491 4390 Dig.
506 4331 527 4388 5.
543 4334 568 4388 3.
582 4335 623 4374 20.
640 4335 661 4374 1.

154 4401 168 4474 ξ
182 4405 209 4461 8.
230 4405 287 4459 For
299 4403 347 4459 the
360 4412 459 4460 nature
472 4403 504 4458 of
515 4402 564 4460 the
576 4402 651 4460 actio
668 4402 706 4458 ad
718 4401 909 4460 exhibendum
922 4418 970 4458 see
983 4417 1020 4458 on
1034 4399 1090 4456 Tit.
1103 4399 1127 4456 6.
1143 4413 1173 4468 31
1190 4413 1265 4468 supr.
