3078 5020
788 291 829 354 88

237 472 421 555 nostrisque
456 467 663 534 suasionibus
702 475 904 549 componant
943 466 1185 531 institutiones:
1223 475 1260 530 ut
1291 466 1396 531 liceat

235 577 329 641 vobis
351 576 457 658 prima
480 574 592 656 legum
612 570 776 636 cunabula
796 590 862 634 non
885 570 928 634 ab
951 571 1095 653 antiquis
1115 570 1233 635 sabulis
1249 571 1396 646 discere,

236 683 294 745 sed
321 680 364 744 ab
391 677 551 762 imperiali
585 674 761 759 splendore
797 685 956 757 appetere
989 684 1023 738 et
1060 684 1131 738 tam
1160 695 1256 738 aures
1286 695 1396 756 quam

236 785 367 848 animae
388 793 516 846 vestrae
539 779 619 844 nihil
646 778 761 843 inutile
784 778 931 861 nihilque
953 799 1126 862 perperam
1148 780 1305 862 positum,
1329 781 1395 844 sed

236 889 325 970 quod
342 887 374 949 in
390 887 469 968 ipsis
487 905 595 948 rerum
616 883 745 966 optinet
767 884 971 965 argumentis
992 884 1173 965 accipiant:
1198 893 1232 947 et
1246 883 1341 966 quod
1360 884 1395 947 in

235 991 344 1074 priore
366 999 516 1072 tempore
531 990 589 1052 vix
608 996 684 1070 post
702 987 955 1070 quadriennium
979 987 1141 1070 prioribus
1164 988 1396 1070 contingebat,

235 1104 273 1159 ut
310 1105 389 1161 tunc
426 1093 677 1158 constitutiones
713 1091 940 1173 imperatorias
976 1091 1137 1174 legerent,
1170 1092 1233 1155 hoc
1269 1113 1331 1155 vos
1374 1114 1396 1156 a

236 1199 416 1283 primordio
440 1195 668 1280 ingrediamini
692 1195 784 1278 digni
810 1203 904 1260 tanto
930 1194 1054 1259 honore
1080 1204 1240 1278 tantaque
1265 1197 1395 1278 reperti

235 1303 401 1382 felicitate,
416 1309 453 1366 ut
469 1310 502 1364 et
517 1300 647 1364 initium
660 1298 754 1364 vobis
777 1306 811 1362 et
833 1297 908 1362 finis
931 1299 1041 1381 legum
1063 1300 1255 1364 eruditionis
1270 1321 1290 1364 a
1305 1321 1396 1365 voce

206 1405 408 1488 lprincipali
432 1405 600 1487 procedat.
646 1403 752 1486 Igitur
778 1411 854 1485 post
884 1402 986 1466 libros
1015 1403 1254 1486 quinquaginta
1276 1403 1394 1486 diges-

235 1518 345 1572 torum
360 1530 418 1572 seu
435 1508 681 1591 pandectarum,
697 1507 729 1570 in
750 1527 834 1590 quos
852 1527 952 1572 omne
968 1508 1018 1572 ius
1038 1509 1212 1590 antiquum
1228 1508 1394 1574 collatum

237 1621 287 1676 est
303 1609 400 1697 (quos
422 1631 481 1693 per
502 1612 644 1676 eundem
665 1611 770 1674 virum
792 1611 960 1676 excelsum
976 1610 1214 1676 Tribonianum
1237 1633 1297 1678 nec
1321 1633 1394 1677 non

237 1724 363 1780 ceteros
389 1714 475 1779 viros
502 1715 643 1778 illustres
673 1724 707 1780 et
736 1714 989 1780 facundissimos
1019 1713 1242 1802 confecimus),
1268 1717 1301 1779 in
1326 1717 1394 1782 hos

237 1827 394 1901 quattuor
413 1819 514 1883 libros
541 1820 673 1882 easdem
701 1818 922 1883 institutiones
945 1820 1057 1901 partiri
1083 1820 1244 1898 iussimus,
1264 1829 1301 1884 ut
1321 1821 1394 1886 sint

207 1923 339 1988 5totius
362 1923 532 2007 legitimae
558 1923 715 1988 scientiae
740 1923 848 2006 prima
874 1922 1047 1988 elementa.
1094 1922 1223 2006 Quibus
1245 1925 1394 1990 breviter

237 2027 427 2110 expositum
443 2037 492 2094 est
510 2037 544 2092 et
560 2028 648 2110 quod
670 2035 769 2092 antea
789 2027 962 2110 optinebat
985 2035 1018 2091 et
1034 2029 1123 2114 quod
1138 2038 1256 2110 postea
1270 2029 1393 2096 desue-

236 2131 350 2196 tudine
380 2132 602 2198 inumbratum
632 2133 675 2196 ab
706 2131 865 2216 imperiali
895 2132 1041 2196 remedio
1071 2131 1292 2198 illuminatum
1325 2147 1392 2202 est.

205 2235 330 2320 dQuas
349 2257 394 2300 ex
417 2237 569 2302 omnibus
591 2237 802 2318 antiquorum
825 2235 1084 2302 institutionibus
1100 2246 1133 2302 et
1149 2237 1324 2320 praecipue
1345 2261 1392 2304 ex

235 2341 481 2406 commentariis
512 2339 585 2404 Gaii
620 2337 723 2404 nostri
760 2347 830 2404 tam
868 2340 1111 2406 institutionum
1148 2361 1248 2424 quam
1277 2363 1392 2408 rerum

235 2443 489 2508 cottidianarum
516 2443 654 2528 aliisque
679 2442 791 2508 multis
818 2445 1062 2509 commentariis
1086 2445 1288 2528 compositas
1310 2465 1391 2512 cum

235 2557 302 2610 tres
323 2548 482 2629 praedicti
502 2548 563 2611 viri
586 2546 765 2630 prudentes
795 2549 890 2612 nobis
917 2547 1116 2631 optulerunt,
1134 2559 1168 2614 et
1189 2549 1330 2634 legimus
1356 2561 1392 2616 et

236 2649 448 2734 cognovimus
471 2660 505 2715 et
527 2651 753 2734 plenissimum
778 2660 963 2717 nostrarum
994 2653 1265 2718 constitutionum
1288 2655 1393 2719 robur

236 2754 283 2817 eis
300 2755 635 2820 accommodavimus.

206 2869 222 2922 7
281 2857 420 2926 Summa
451 2861 563 2944 itaque
600 2882 663 2944 ope
698 2871 731 2926 et
765 2861 863 2928 alacri
901 2864 1011 2928 studio
1044 2863 1105 2928 has
1134 2864 1225 2950 leges
1256 2876 1391 2932 nostras

236 2963 375 3045 accipite
398 2975 432 3030 et
454 2974 584 3030 vosmet
610 2966 699 3048 ipsos
723 2965 770 3030 sic
797 2967 943 3032 eruditos
967 2968 1142 3045 ostendite,
1167 2978 1204 3032 ut
1229 2989 1305 3052 spes
1326 2992 1390 3036 vos

235 3067 454 3150 pulcherrima
473 3067 583 3134 foveat
605 3077 678 3134 toto
700 3068 849 3154 legitimo
871 3091 971 3154 opere
992 3072 1140 3156 perlecto
1161 3093 1258 3158 posse
1284 3073 1388 3140 etiam

235 3180 383 3236 nostram
416 3193 485 3238 rem
517 3173 685 3257 publicam
723 3175 756 3238 in
793 3175 942 3258 partibus
979 3177 1048 3240 eius
1080 3177 1175 3242 vobis
1212 3180 1388 3246 credendis

233 3277 426 3359 gubernare.

279 3381 370 3446 Data
396 3381 571 3446 undecimo
596 3380 756 3448 kalendas
784 3375 994 3448 Decembres
1010 3383 1299 3468 Constantinopoli
1326 3391 1386 3454 do-

236 3485 324 3550 mino
348 3493 459 3550 nostro
483 3486 666 3552 Iustiniano
688 3497 850 3572 perpetuo
872 3485 1027 3572 Augusto
1051 3488 1184 3554 tertium
1207 3491 1352 3556 consule.
