3148 5024
204 314 254 363 Tit.
270 307 320 374 ra]
407 306 467 361 DE
482 305 652 362 DUOBUS
665 305 764 360 REIS
776 305 832 360 ST
833 304 1048 376 IPULANDI,
1065 304 1094 358 E
1099 305 1125 358 Τ
1124 303 1154 358 C.
1287 311 1350 380 393

203 473 311 539 sacta:
334 483 372 537 ut
387 472 415 536 si
431 473 627 555 stipulemur
641 472 709 536 fieri
725 471 848 554 aliquid
865 471 917 535 vel
933 493 999 535 non
1015 469 1093 534 fieri.
1140 478 1173 533 et
1188 470 1221 531 in
1238 467 1350 531 huius·

204 578 295 640 modi
333 577 601 659 stipulationibus
638 577 800 660 optimum
842 577 902 640 erit
939 595 1081 658 poenam
1119 573 1276 650 subicere,
1311 591 1353 634 ne

204 681 373 763 quantitas
403 681 624 763 stipulationis
653 681 687 743 in
719 681 843 744 incerto
873 681 916 744 sit
945 699 984 742 ac
1015 698 1148 742 necesse
1177 677 1219 739 sit
1250 675 1351 737 actori

203 783 353 867 probare,
386 785 465 866 quid
496 786 566 848 eius
596 786 733 850 intersit.
775 786 886 866 itaque
912 785 938 846 si
969 783 1043 866 quis
1073 791 1109 844 ut
1140 781 1197 844 fiat
1228 779 1352 862 aliquid

204 887 388 970 stipuletur,
412 888 459 952 ita
488 889 574 953 adici
604 909 711 970 poena
743 889 862 953 debet:
890 887 935 950 ‘si
961 887 1008 950 ita
1034 885 1160 950 factum
1187 905 1252 947 non
1283 884 1353 961 erit,

204 999 276 1054 tum
306 1012 434 1073 poenae
461 993 593 1056 nomine
623 993 738 1056 decem
768 1012 885 1056 aureos
914 993 994 1055 dare
1023 985 1208 1072 spondesi’
1243 987 1302 1050 sed
1326 987 1352 1050 si

206 1096 370 1176 quaedam
393 1094 471 1169 fieri,
488 1096 652 1178 quaedam
672 1117 737 1159 non
756 1095 825 1158 fieri
848 1115 913 1159 una
935 1095 1119 1176 eademque
1138 1091 1353 1172 conceptione

204 1198 388 1281 stipuletur,
411 1199 555 1264 clausula
576 1202 637 1264 erit
656 1200 843 1264 huiusmodi
865 1199 1055 1264 adicienda:
1080 1197 1123 1258 ‘si
1143 1197 1298 1258 adversus
1314 1213 1355 1256 ea

205 1302 330 1366 facturn
346 1304 407 1366 erit
422 1305 490 1366 sive
506 1305 585 1386 quid
601 1305 647 1368 ita
667 1305 792 1369 factum
808 1324 873 1369 non
890 1304 959 1382 erit,
975 1312 1053 1367 tunc
1071 1320 1199 1382 poenae
1220 1299 1354 1362 nomine

205 1407 322 1471 decem
338 1427 454 1471 aureos
473 1409 553 1472 dare
568 1407 751 1492 spondes?’

734 1677 829 1742 XVI.

312 1853 361 1904 DE
384 1853 532 1906 DUOBUS
555 1854 638 1906 REIS
663 1855 888 1907 STIPULANDI
912 1854 959 1905 ET
983 1851 1252 1904 PROMITTENDI.

252 2003 298 2069 Et
313 2004 491 2088 stipulandi
508 2017 542 2070 et
558 2006 771 2088 promittendi
790 2007 856 2069 duo
878 2005 1028 2089 pluresve
1049 2006 1094 2069 rei
1116 2003 1185 2068 fieri
1206 2010 1355 2087 possunt.

208 2107 386 2190 stipulandi
423 2109 477 2187 ita,
508 2110 535 2172 si
567 2119 642 2192 post
676 2109 825 2174 omniurn
858 2109 1147 2192 interrogationem
1179 2107 1357 2190 promissor

209 2213 408 2293 respondeat
425 2213 611 2296 ‘spondeo’
656 2224 693 2279 ut
714 2225 795 2297 puta
816 2235 891 2278 cum
912 2215 1042 2278 duobus
1057 2213 1235 2295 separatim
1250 2212 1356 2292 stipu-

208 2315 353 2379 lantibus
388 2318 434 2381 ita
467 2319 645 2400 promissor
678 2321 876 2401 respondeat
912 2318 1060 2400 ‘utrique
1095 2327 1240 2380 vestrum
1277 2313 1357 2376 dare

208 2415 396 2502 spondeo:'
420 2441 496 2484 nam
523 2423 550 2485 si
580 2423 669 2505 prius
699 2421 789 2485 Titio
819 2422 1044 2505 spoponderit,
1073 2421 1193 2485 deinde
1217 2419 1283 2482 alio
1308 2418 1357 2480 in-

208 2533 397 2606 terrogante
409 2525 580 2606 spondeat,
591 2526 657 2589 alia
668 2535 768 2609 atque
780 2525 844 2590 alia
856 2527 918 2590 erit
933 2525 1091 2608 obligatio
1105 2545 1164 2588 nec
1180 2524 1358 2587 creduntur

209 2770 238 2825 in
253 2771 384 2826 faciendo
397 2772 572 2830 consistunt!
607 2775 669 2830 The
686 2775 846 2845 advantage
858 2775 891 2829 oi
906 2776 954 2830 the
972 2791 1071 2829 course
1088 2771 1308 2829 recommended
1327 2770 1356 2825 in

209 2855 257 2909 the
271 2865 328 2910 text
342 2873 399 2910 was
412 2857 535 2912 twofold.
581 2859 643 2912 The
661 2858 801 2928 promisee
819 2875 876 2912 was
895 2857 983 2913 saved
1002 2857 1050 2912 the
1067 2857 1177 2912 trouble
1193 2855 1226 2911 os
1238 2853 1358 2926 proving

210 2937 295 3005 ‘quid
313 2956 365 2994 sua
384 2939 510 2994 intersit'
527 2941 719 3013 (‘plerumque
740 2942 861 2997 difficilis
886 2942 1016 3012 probatio
1034 2951 1086 3010 est,
1104 2941 1202 3012 quanti
1222 2938 1357 3008 cuiusque

210 3019 327 3090 intersit,
344 3033 371 3078 et
390 3023 428 3077 ad
446 3023 577 3092 exiguam
596 3043 737 3080 summam
755 3025 917 3080 deducitur'
935 3026 1000 3094 Dig.
1014 3026 1056 3091 46.
1073 3037 1094 3095 5.
1113 3024 1175 3092 11);
1193 3023 1251 3078 and
1270 3022 1294 3075 is
1310 3022 1358 3075 the

210 3115 337 3160 contract
351 3123 432 3161 came
444 3116 474 3160 to
486 3108 522 3162 be
536 3109 605 3162 sued
619 3127 703 3180 upon,
714 3112 761 3164 the
775 3109 885 3179 ground
894 3109 926 3163 oi
935 3109 1029 3163 action
1043 3127 1100 3164 was
1113 3119 1162 3164 not
1176 3108 1223 3162 the
1234 3104 1357 3176 promise

210 3197 240 3241 to
259 3187 305 3256 do,
318 3189 368 3244 but
387 3189 435 3244 the
454 3191 577 3260 promise
596 3203 626 3247 to
642 3211 699 3263 pay
712 3211 744 3248 so
761 3194 845 3248 much
864 3193 893 3247 in
911 3192 1025 3261 desault,
1039 3210 1072 3246 so
1088 3194 1149 3247 that
1168 3192 1217 3246 the
1233 3188 1359 3256 remedy,

211 3271 323 3326 instead
336 3273 368 3327 of
377 3273 463 3344 being
475 3275 523 3329 the
536 3277 611 3330 actio
624 3294 657 3332 ex
671 3277 813 3347 stipulatu,
827 3293 884 3332 was
901 3276 1044 3330 condictio
1063 3274 1131 3330 certi
1147 3274 1214 3329 with
1227 3273 1262 3328 its
1275 3272 1360 3343 penal

211 3357 327 3427 sponsio
349 3359 381 3413 oi
397 3375 452 3414 one
474 3360 550 3414 third
569 3361 602 3414 os
618 3363 666 3416 the
685 3379 747 3416 sunt
768 3361 797 3415 in
816 3361 946 3431 dispute:
966 3361 1047 3414 ‘cum
1066 3359 1129 3430 quis
1148 3376 1205 3412 non
1224 3355 1360 3412 adiecerit

210 3457 374 3512 poenam..
388 3485 394 3498 .
409 3443 506 3498 incerti
527 3445 670 3514 agendum
683 3447 761 3500 esse'
775 3445 840 3514 Dig.
855 3459 877 3500 2.
894 3458 916 3515 5.
931 3459 954 3513 3.
996 3445 1025 3498 Is
1033 3461 1072 3498 no
1084 3443 1202 3498 interval
1215 3458 1272 3495 was
1287 3438 1360 3494 lixed

210 3525 254 3578 lor
266 3526 315 3580 the
334 3527 529 3596 performance
546 3528 578 3582 os
592 3545 628 3582 an
644 3539 689 3582 act
709 3528 827 3584 secured
846 3529 884 3597 by
898 3545 916 3582 a
928 3529 1051 3598 penalty,
1065 3529 1113 3582 the
1129 3527 1212 3581 latter
1224 3524 1308 3579 could
1323 3524 1361 3577 be

211 3609 282 3663 sued
295 3608 338 3664 ior
350 3611 445 3664 unless
464 3611 513 3665 the
530 3621 576 3666 act
593 3629 650 3666 was
669 3612 830 3682 performed
845 3611 941 3667 within
955 3629 972 3666 a
985 3611 1151 3666 reasonable
1164 3610 1250 3665 time:
1272 3608 1362 3663 ‘intra

212 3702 350 3761 quantum
368 3704 463 3748 autem
482 3695 627 3766 temporis,
642 3695 696 3751 nisi
716 3697 798 3751 detur
816 3697 893 3767 quod
912 3696 1017 3750 arbiter
1035 3694 1155 3763 iusserit,
1168 3691 1362 3748 committatur

212 3775 366 3844 stipulatio,
387 3775 541 3832 videndum
567 3790 618 3847 est,
641 3788 668 3834 et
694 3779 717 3834 si
740 3779 855 3850 quidem
877 3779 939 3834 dies
961 3779 1088 3834 adiectus
1113 3795 1170 3831 non
1193 3776 1237 3845 sit,
1261 3776 1361 3830 Celsus

213 3857 310 3912 scribit
330 3858 401 3913 libro
421 3859 454 3913 ii⁰
478 3861 661 3930 Digestorum
682 3863 775 3918 inesse
797 3863 941 3934 quoddam
963 3861 1107 3916 modicum
1129 3871 1259 3930 tempus:
1285 3859 1362 3930 quod

213 3941 260 3995 ubi
275 3942 456 4012 praeterierit,
469 3961 562 4014 poena
574 3946 670 4000 statim
683 3946 741 4017 peti
754 3948 863 4016 potest'
877 3947 941 4016 Dig.
956 3962 982 4012 4.
995 3947 1020 4000 8.
1035 3961 1074 4000 21.
1093 3961 1132 3999 12.
1170 3945 1232 3998 The
1245 3953 1362 3997 amount

213 4025 246 4078 of
255 4025 303 4079 the
317 4043 408 4096 poena
421 4029 478 4082 had
491 4047 528 4083 no
541 4047 670 4085 measure
684 4042 783 4101 except
797 4032 844 4085 the
857 4031 911 4084 vill
927 4031 960 4084 of
974 4032 1022 4085 the
1040 4029 1153 4099 parties,
1165 4028 1223 4082 and
1236 4027 1256 4082 it
1272 4027 1362 4096 might

212 4109 249 4163 be
263 4111 415 4165 recovered
432 4111 460 4165 in
480 4113 537 4182 full,
551 4131 622 4168 even
641 4114 749 4183 though
763 4115 868 4184 largely
881 4114 1036 4183 exceeding
1052 4115 1100 4168 the
1112 4113 1194 4166 value
1210 4112 1242 4164 of
1256 4111 1304 4164 the
1317 4121 1362 4164 act

213 4209 246 4247 or
265 4193 449 4250 forbearance
468 4197 620 4267 stipulated
642 4199 692 4267 sor,
714 4199 779 4266 Dig.
792 4213 816 4263 4
831 4199 855 4252 8.
870 4211 911 4265 3²·
926 4215 986 4267 pr.;
1010 4213 1051 4253 21.
1065 4213 1090 4252 2.
1106 4198 1145 4265 56.
1186 4197 1218 4248 ln
1242 4194 1362 4263 English

212 4277 266 4331 law
279 4277 335 4331 this
354 4278 377 4332 is
397 4278 544 4336 different:
565 4283 580 4336 8
600 4281 657 4336 and
675 4297 692 4350 9
711 4281 786 4335 Will.
803 4282 857 4334 111.
872 4297 896 4336 c.
914 4295 941 4334 11
957 4299 963 4346 ;
982 4281 1069 4346 4and
1085 4294 1098 4349 5
1113 4283 1203 4346 Anne,
1217 4295 1240 4332 c.
1259 4279 1308 4344 16;
1329 4292 1363 4345 ²3

213 4361 271 4416 and
284 4375 318 4427 24
331 4363 405 4418 Vict.
419 4379 443 4418 c.
460 4365 527 4430 126;
547 4365 581 4418 cl.
596 4365 641 4422 Sir
653 4365 698 4419 W.
714 4365 747 4417 R.
762 4364 883 4418 Anson's
898 4364 964 4418 Lau
976 4363 1009 4418 ol
1019 4365 1153 4418 Contract
1167 4378 1212 4432 pp.
1223 4375 1317 4430 ²43-4

248 4448 309 4502 'tit
321 4449 408 4502 XVI.
448 4449 504 4502 For
517 4448 641 4520 solidary
651 4449 708 4504 and
721 4447 828 4503 correal
842 4446 995 4518 obligation
1007 4446 1084 4517 (with
1095 4463 1149 4501 one
1162 4446 1194 4500 ol
1203 4445 1250 4501 the
1264 4444 1363 4500 modes
