3176 5022
220 329 270 379 Tit.
285 323 320 392 7.]
455 321 516 376 DE
536 321 562 376 S
566 321 823 379 UCCESSIONE
843 323 1128 383 LIBERTORUM·
1302 317 1363 407 361

218 485 386 550 incorum
408 486 660 564 successionem,
682 487 710 550 si
732 495 845 552 tamen
868 497 1105 554 testamentum
1126 487 1271 556 fecerint.
1316 489 1365 557 sin

218 599 331 654 autem
354 591 501 654 intestati
523 592 724 656 decesserint
735 591 838 656 nullo
860 591 1038 657 liberonrm
1062 595 1183 672 relicto,
1206 606 1284 659 tunc
1306 617 1365 680 pa·

217 702 368 758 tronatus
383 693 442 771 ius,
458 695 548 776 quod
564 704 635 759 erat
650 717 695 760 ex
710 695 783 779 lege
798 697 974 762 duodecim
990 697 1185 776 tabularum,
1201 700 1365 781 integrum

217 799 405 864 reservavit.
450 818 525 863 cum
541 820 618 864 vero
639 799 785 892 maiores¹
800 803 995 866 centenariis
1018 803 1093 882 sint,
1109 803 1136 865 si
1159 802 1297 866 heredes
1312 797 1366 866 vel

217 902 379 966 bonorum
402 923 607 985 possessores
629 903 751 970 liberos
773 905 919 970 habeant
941 907 1010 970 sive
1035 927 1138 969 unum
1164 907 1233 971 sive
1256 906 1366 990 plures

217 1006 451 1090 cuiuscumque
466 1028 567 1072 sexus
582 1009 633 1072 vel
648 1011 780 1091 gradus,
795 1011 839 1074 ad
855 1031 911 1074 eos
930 1011 1170 1075 successionem
1191 1021 1366 1094 parentum

217 1111 427 1188 deduximus,
444 1112 597 1178 omnibus
616 1114 762 1195 patronis
783 1133 849 1177 una
869 1135 943 1178 curn
966 1135 1024 1179 sua
1046 1116 1204 1198 progenie
1218 1115 1365 1178 semotis.

217 1215 267 1278 sin
297 1225 409 1279 autem
439 1217 510 1280 sine
539 1216 649 1280 liberis
679 1216 888 1296 decesserint,
915 1219 942 1280 si
972 1215 1106 1300 quidem
1137 1218 1292 1296 intestati,
1321 1218 1365 1283 ad

216 1337 350 1382 omnem
368 1318 586 1384 hereditatem
602 1330 759 1404 patronos
777 1331 998 1405 patronasque
1014 1322 1222 1386 vocavimus:
1246 1322 1366 1386 sivero

216 1430 455 1488 testamentum
482 1424 617 1508 quidem
640 1424 785 1501 iecerint,
811 1435 969 1510 patronos
994 1436 1106 1490 autem
1130 1423 1183 1490 vel
1209 1434 1366 1508 patronas

215 1528 451 1608 praeterierint,
479 1549 554 1592 cum
582 1529 689 1594 nullos
713 1530 835 1595 liberos
861 1529 1022 1594 haberent
1044 1529 1096 1594 vel
1122 1529 1283 1594 habentes
1309 1549 1366 1592 eos

216 1628 499 1710 exheredaverint,
515 1631 567 1695 vel
584 1642 690 1697 mater
705 1634 774 1697 sive
788 1655 869 1698 avus
889 1643 1058 1698 maternus
1076 1653 1133 1696 eos
1153 1633 1365 1715 praeterierit,

216 1735 262 1798 ita
277 1743 315 1813 ut
330 1754 397 1798 non
412 1737 540 1819 possint
552 1737 644 1818 argui
660 1737 841 1802 inofficiosa
853 1758 967 1802 eorum
983 1747 1203 1803 testamenta:
1228 1747 1307 1802 tunc
1322 1757 1366 1800 ex

216 1847 328 1901 nostra
344 1839 581 1903 constitutione
596 1860 656 1923 per
671 1840 833 1904 bonorum
849 1841 1090 1924 possessionem
1106 1849 1220 1905 contra
1235 1839 1366 1904 tabulas

215 1961 281 2005 non
309 1941 490 2019 dimidiam,
515 1953 553 2007 ut
580 1953 666 2021 ante,
681 1945 739 2009 sed
762 1946 894 2010 tertiam
921 1956 1050 2029 partem
1072 1945 1233 2008 bonorum
1257 1941 1366 2006 liberti

216 2055 468 2129 consequantur,
498 2047 552 2111 vel
581 2049 671 2130 quod
702 2047 797 2114 deest
828 2049 875 2114 eis
911 2071 955 2113 ex
991 2049 1225 2113 constitutione
1255 2058 1367 2111 nostra

215 2149 388 2232 repleatur,
420 2149 446 2215 si
476 2151 610 2233 quando
641 2151 750 2217 minus
780 2153 878 2216 tertia
908 2162 1002 2236 parte
1037 2152 1201 2216 bonorum
1232 2169 1366 2215 suorum

215 2251 353 2317 libertus
382 2253 435 2318 vel
466 2253 583 2319 liberta
618 2254 664 2318 eis
695 2255 891 2338 reliquerint,
921 2257 968 2320 ita
998 2256 1069 2321 sine
1101 2276 1208 2334 onere,
1239 2265 1276 2318 ut
1305 2273 1366 2318 nec

216 2356 326 2421 liberis
349 2357 457 2422 liberti
479 2357 657 2423 libertaeve
676 2380 719 2422 ex
741 2380 780 2423 ea
798 2369 892 2443 parte
913 2359 1023 2443 legata
1037 2357 1090 2423 vel
1109 2357 1366 2423 fideicommissa

215 2471 433 2542 praestentur,
457 2463 515 2526 sed
542 2462 585 2526 ad
610 2463 788 2528 coheredes
811 2463 874 2528 hoc
900 2483 983 2528 onus
1007 2460 1226 2528 redundaret:
1253 2461 1366 2526 multis

215 2565 289 2629 aliis
315 2565 445 2630 casibus
471 2586 491 2630 a
518 2566 614 2632 nobis
645 2568 678 2630 in
704 2565 853 2650 praefata
882 2567 1116 2632 constitutione
1146 2565 1365 2648 congregatis,

215 2689 299 2751 quos
324 2670 524 2735 necessarios
547 2691 618 2734 esse
640 2671 683 2734 ad
705 2671 895 2736 huiusmodi
918 2673 995 2736 iuris
1018 2670 1268 2755 dispositionem
1293 2689 1365 2753 per·

204 2773 407 2855 speximus:
438 2784 476 2838 ut
501 2783 571 2838 tam
596 2775 725 2856 patroni
756 2784 980 2858 patronaeque
1006 2795 1106 2858 quam
1133 2775 1225 2839 liberi
1252 2794 1365 2838 eorum

216 2897 277 2941 nec
300 2897 365 2941 non
385 2878 442 2961 qui
465 2899 510 2942 ex
532 2887 719 2942 transverso
742 2877 845 2942 latere
863 2879 999 2943 veniunt
1021 2900 1125 2963 usque
1147 2880 1189 2942 ad
1213 2879 1365 2962 quintum

216 2982 355 3064 gradum
386 2983 429 3046 ad
459 2983 700 3048 successionem
727 2983 919 3048 libertorum
948 2993 1115 3062 vocentur,
1142 2983 1227 3046 sicut
1253 3003 1296 3046 ex
1327 3003 1367 3046 ea

216 3087 451 3151 constitutione
476 3086 736 3169 intellegendum
764 3097 833 3151 est:
863 3098 901 3153 ut
927 3089 954 3151 si
982 3088 1131 3152 eiusdem
1157 3088 1288 3170 patroni
1313 3087 1367 3150 vel

216 3200 374 3272 patronae
407 3189 460 3254 vel
498 3191 640 3255 duorum
675 3192 815 3255 duarum
849 3192 1035 3275 pluriumve
1075 3189 1154 3256 sint‘
1175 3191 1277 3268 liberi,
1310 3189 1366 3273 qui

215 3296 400 3377 proximior
425 3303 484 3371 est,
511 3294 554 3359 ad
582 3293 690 3358 liberti
718 3315 775 3358 seu
802 3294 940 3359 libertae
965 3303 1101 3359 vocetur
1127 3294 1366 3360 successionem

215 3407 249 3462 et
272 3399 304 3461 in
325 3399 443 3481 capita,
464 3417 529 3461 non
549 3399 581 3462 in
605 3399 723 3482 stirpes
743 3397 909 3462 dividatur
928 3399 1102 3475 successi0,
1124 3398 1243 3463 eodem
1265 3397 1367 3460 modo

216 3513 249 3568 et
273 3502 306 3566 in
329 3502 380 3567 his
403 3503 459 3585 qui
482 3524 527 3568 ex
549 3511 735 3567 transverso
757 3501 858 3567 latere
882 3504 1019 3567 veniunt
1043 3503 1214 3568 servando.
1261 3521 1367 3585 paene

216 3608 304 3670 enim
320 3608 536 3672 consonantia
556 3607 626 3670 iura
647 3608 859 3691 ingenuitatis
881 3616 915 3672 et
935 3607 1159 3672 libertinitatis
1181 3607 1215 3670 in
1236 3627 1366 3672 succes·

215 3859 252 3916 all
270 3861 400 3932 previous
413 3861 592 3918 distinctions
605 3863 638 3916 of
652 3881 701 3918 sex
713 3863 840 3919 between
860 3863 975 3919 libertus
995 3862 1053 3919 and
1068 3862 1177 3932 liberta,
1190 3871 1292 3932 patron
1305 3861 1367 3916 and

214 3955 362 4016 patroness
380 3963 412 4000 or
430 3945 504 4001 their
522 3947 658 4012 children,
677 3947 735 4002 and
753 3948 898 4018 regulated
917 3949 965 4003 the
989 3946 1151 4002 succession
1171 3955 1201 4000 to
1221 3945 1366 4000 freedmen

214 4030 271 4084 and
283 4029 472 4085 freedwomen
485 4045 518 4084 as
530 4029 637 4084 follows
650 4047 656 4084 :

250 4112 289 4182 (1)
307 4115 349 4168 As
358 4113 475 4182 regards
485 4113 533 4167 the
542 4128 636 4182 power
645 4112 678 4166 of
685 4112 829 4181 testation,
839 4129 857 4167 a
866 4112 981 4167 libertus
991 4129 1024 4167 or
1032 4112 1133 4168 liberta
1143 4113 1205 4165 who
1214 4109 1367 4180 possessed

214 4198 270 4252 less
279 4197 348 4251 than
363 4211 413 4250 100
421 4195 498 4251 aurei
511 4195 602 4266 might
611 4196 699 4264 lreely
707 4194 822 4265 dispose
830 4195 863 4248 of
872 4195 892 4248 it
901 4195 939 4264 by
947 4195 1010 4262 will,
1021 4194 1136 4249 without
1145 4210 1201 4262 any
1210 4191 1366 4260 obligation

213 4291 243 4334 to
255 4280 319 4348 give
332 4279 380 4334 the
392 4290 494 4350 patron
507 4297 538 4334 or
551 4289 698 4350 patroness
711 4279 849 4349 anything
861 4277 951 4333 either
963 4295 994 4332 as
1007 4278 1068 4332 heir
1080 4295 1112 4332 or
1124 4279 1242 4346 legatee.
1281 4275 1309 4328 If
1318 4275 1366 4330 the

213 4373 346 4433 property
358 4363 513 4418 amounted
531 4373 561 4418 to
577 4378 627 4416 100
644 4362 721 4417 aurei
741 4379 773 4416 or
790 4361 921 4432 upwards
940 4362 1008 4430 they
1024 4360 1115 4430 might
1128 4359 1211 4414 make
1224 4359 1298 4412 what
1311 4356 1366 4412 will

213 4446 281 4522 they
292 4447 409 4516 pleased
422 4448 488 4518 only
501 4446 525 4501 if
539 4447 607 4517 they
619 4445 766 4502 instituted
784 4445 857 4502 their
874 4443 950 4500 issue
963 4463 970 4512 ;
989 4444 1014 4500 is
1026 4444 1106 4500 there
1118 4459 1175 4500 was
1188 4459 1225 4498 no
1238 4442 1322 4510 issue,
1335 4455 1368 4496 or
