3176 5022
232 281 295 368 368
438 291 513 348 INS
515 293 542 348 T
540 293 588 348 IT
590 294 647 350 UT
643 294 789 349 IONUM
807 293 927 349 LIBRI
946 293 1030 366 Qun
1038 295 1064 349 Τ
1065 295 1092 349 Τ
1093 295 1181 352 UOR.
1261 297 1326 364 [Lib.
1338 304 1383 355 ΗΒ

201 457 373 541 4septimo
397 457 466 522 viro
491 469 525 524 et
551 459 666 524 uxori:
689 469 807 524 octavo
832 461 983 542 cognatis
1009 461 1268 528 manumissoris.
1314 463 1383 528 Sed

231 582 288 626 eas
311 562 445 644 quidem
467 565 632 646 praetoria
654 564 786 628 induxit
812 565 1001 630 iurisdictio.
1039 565 1132 630 nobis
1158 575 1272 632 tamen
1300 567 1381 631 nihil

231 665 429 728 incuriosum
462 668 728 750 praetermissum
759 677 819 743 est,
847 669 906 732 sed
937 670 1058 732 nostris
1087 671 1381 734 constitutionibus

231 769 342 832 omnia
360 771 559 852 corrigentes
575 781 689 836 contra
705 771 837 836 tabulas
852 773 987 854 quidem
1003 783 1037 837 et
1053 775 1235 838 secundum
1251 774 1384 840 tabulas

230 872 391 937 bonorum
401 875 625 956 possessiones
634 877 827 940 admisimus
836 886 952 960 utpote
965 879 1164 942 necessarias
1174 879 1383 958 constitutas,

233 995 293 1040 nec
317 998 384 1041 non
408 979 452 1042 ab
478 981 636 1046 intestato
659 981 746 1045 unde
770 981 862 1044 liberi
886 989 920 1046 et
943 984 1032 1048 unde
1059 982 1198 1066 legitimi
1223 985 1383 1048 bonorum

202 1083 465 1164 5p0ssessiones.
521 1083 617 1167 Quae
646 1095 758 1150 autem
786 1086 819 1148 in
845 1089 1005 1169 praetoris
1032 1087 1142 1152 edicto
1166 1089 1384 1170 quintoloco

232 1185 341 1268 posita
361 1184 476 1262 suerat,
493 1188 527 1251 id
548 1199 599 1253 est
619 1189 707 1253 unde
722 1190 838 1253 decem
859 1210 1028 1272 personae,
1045 1211 1119 1254 eam
1140 1191 1195 1274 pio
1215 1193 1384 1274 proposito

232 1297 266 1351 et
281 1290 516 1371 compendioso
531 1312 681 1357 sermone
696 1314 932 1377 supervacuam
948 1295 1175 1360 ostendimus:
1203 1317 1279 1360 cum
1295 1297 1383 1362 enim

232 1392 379 1475 praefata
400 1394 561 1458 bonorum
579 1399 742 1480 possessio
760 1397 876 1462 decem
899 1419 1057 1481 personas
1079 1400 1304 1482 praeponebat
1325 1419 1384 1464 ex·

233 1505 348 1560 traneo
361 1501 599 1576 manumissori‚
613 1511 724 1564 nostra
739 1503 940 1578 constitutio,
953 1523 1055 1586 quam
1068 1504 1111 1566 de
1122 1503 1384 1586 emancipatione

234 1597 411 1664 liberorum
435 1601 579 1681 fecimus,
601 1605 754 1668 omnibus
776 1606 967 1688 parentibus
992 1607 1183 1690 eisdemque
1206 1607 1384 1670 manumis-
1457 1607 1460 1614 ⁴

233 1703 362 1767 soribus
377 1716 545 1772 contracta
565 1707 684 1774 fiducia
706 1711 997 1775 manumissionem
1021 1710 1128 1775 lacere
1142 1710 1244 1784 dedit,
1262 1719 1298 1774 ut
1313 1711 1385 1793 ipsa

234 1810 448 1874 manumissio
464 1832 575 1876 eorum
591 1811 654 1878 hoc
670 1815 703 1878 in
718 1834 754 1878 se
771 1813 892 1880 habeat
907 1815 1113 1899 privilegium
1130 1825 1164 1880 et
1182 1835 1385 1899 supervacua

234 1910 293 1974 fiat
323 1915 491 1994 praedicta
520 1915 680 1981 bonorum
715 1919 888 2000 possessio.
940 1919 1072 1983 sublata
1107 1919 1209 2000 igitur
1237 1918 1385 2002 praelata

233 2014 350 2097 quinta
379 2017 540 2082 bonorum
568 2023 776 2104 possessione
805 2023 837 2085 in
863 2023 1003 2104 gradum
1031 2022 1100 2085 eius
1127 2031 1260 2086 sextam
1286 2031 1386 2086 antea

234 2119 397 2185 bonorum
419 2125 660 2206 possessionem
679 2125 872 2189 reduximus
895 2135 928 2190 et
951 2125 1102 2206 quintam
1121 2123 1268 2204 lecimus,
1284 2145 1385 2208 quam

203 2231 366 2309 bpraetor
380 2230 540 2312 proximis
555 2231 705 2313 cognatis
720 2229 901 2313 pollicetur.
947 2227 1100 2311 Cumque
1120 2238 1220 2294 antea
1243 2231 1385 2312 septimo

234 2327 309 2394 loco
323 2331 428 2398 fuerat
443 2334 604 2399 bonorum
620 2337 782 2418 possessio
798 2343 869 2398 tum
885 2353 986 2416 quam
1007 2354 1052 2397 ex
1073 2333 1199 2398 familia
1217 2344 1251 2398 et
1266 2345 1385 2398 octavo

234 2436 324 2499 unde
343 2436 437 2501 liberi
458 2440 587 2520 patroni
608 2448 830 2521 patronaeque
845 2447 878 2502 et
899 2447 1053 2520 parentes
1074 2459 1195 2518 eorum,
1212 2449 1386 2521 utramque

234 2559 294 2622 per
309 2542 576 2608 constitutionem
591 2553 747 2622 nostram,
762 2563 862 2625 quam
883 2543 925 2606 de
944 2543 1012 2607 iure
1029 2551 1225 2627 patronatus
1240 2544 1385 2622 fecimus,

234 2645 365 2727 penitus
380 2647 609 2712 vacuavimus:
633 2668 708 2711 cum
727 2650 815 2713 enim
835 2649 879 2712 ad
899 2647 1150 2712 similitudinem
1168 2646 1385 2712 successionis

234 2747 452 2832 ingenuorum
477 2750 702 2816 libertinorum
726 2752 947 2816 successiones
973 2753 1150 2835 posuimus,
1172 2772 1257 2835 quas
1281 2771 1386 2834 usque

233 2854 277 2917 ad
300 2853 451 2936 quintum
475 2856 707 2920 tantummodo
732 2857 873 2939 gradum
896 2855 1124 2934 coartavimus,
1149 2864 1186 2920 ut
1208 2855 1251 2920 sit
1273 2855 1385 2938 aliqua

233 2957 319 3020 inter
333 2957 492 3040 ingenuos
510 2967 544 3022 et
566 2957 701 3023 libertos
717 2958 907 3036 differentia,
929 2959 1094 3025 sufficiunt
1112 2959 1245 3022 cistam
1267 2968 1384 3024 contra

121 3069 129 3086 ‘
232 3060 364 3128 tabulas
384 3062 546 3126 bonorum
567 3062 732 3146 possessio
751 3084 851 3146 quam
875 3063 964 3127 unde
982 3063 1121 3146 legitimi
1142 3071 1175 3126 et
1197 3062 1287 3126 unde
1307 3081 1385 3143 cog·

232 3241 315 3296 latter
328 3241 351 3296 is
364 3241 493 3312 avoided,
506 3260 539 3298 so
551 3243 613 3299 that
625 3243 661 3298 he
674 3243 807 3298 becomes
819 3243 902 3297 heres
914 3242 951 3296 ab
965 3241 1098 3296 intestato
1110 3260 1117 3307 ;
1135 3241 1183 3294 the
1196 3239 1340 3294 institutus
1353 3239 1384 3296 iu

232 3324 282 3380 the
302 3325 358 3380 will
382 3326 495 3382 obtains
519 3327 658 3382 bonorum
683 3325 827 3397 possessio
852 3325 1009 3380 secundum
1030 3325 1161 3380 tabulas:
1187 3340 1219 3377 or
1244 3339 1321 3393 upon
1346 3339 1384 3378 an

233 3405 372 3479 intestacy
384 3410 433 3465 the
445 3421 580 3481 cognates
593 3410 690 3466 obtain
703 3411 842 3465 bonorum
854 3408 1006 3480 possessio,
1017 3407 1098 3462 while
1112 3407 1191 3462 there
1204 3406 1228 3461 is
1241 3423 1259 3461 a
1272 3423 1339 3461 suus
1353 3423 1386 3462 or

233 3501 337 3560 agnata
350 3509 381 3547 as
394 3494 483 3549 heres.
524 3493 625 3550 Under
637 3495 706 3549 such
720 3493 941 3559 circumstances
953 3509 986 3546 as
999 3493 1087 3560 these,
1101 3490 1125 3544 if
1133 3492 1181 3546 the
1195 3489 1280 3544 claim
1293 3489 1325 3544 ol
1338 3489 1387 3546 the

233 3576 395 3647 praetorian
413 3593 560 3632 successor
580 3577 604 3632 is
625 3577 794 3636 overridden
814 3578 852 3647 by
872 3577 933 3632 that
956 3575 989 3630 ol
1002 3574 1051 3630 the
1070 3575 1162 3642 heres,
1180 3576 1229 3630 the
1247 3573 1387 3628 bonorum

233 3659 377 3731 possessio
396 3660 419 3714 is
438 3660 501 3714 said
519 3671 548 3715 to
567 3661 604 3716 be
622 3660 683 3715 sine
701 3677 741 3730 re,
758 3677 789 3714 or
808 3659 988 3715 ineffectual:
1008 3658 1162 3712 ‘bonorum
1182 3655 1326 3727 possessio
1339 3664 1386 3710 aut

232 3760 298 3798 cum
310 3760 341 3798 re
354 3743 444 3812 datur,
456 3753 504 3798 aut
517 3743 579 3798 sine
595 3760 643 3798 re:
663 3760 728 3798 curn
740 3760 778 3812 re,
795 3743 819 3797 si
839 3743 863 3798 is
876 3743 923 3814 qui
938 3741 1048 3813 accepit
1061 3759 1126 3796 cum
1139 3741 1241 3796 effectu
1254 3739 1332 3794 bona
1343 3755 1385 3794 re·

236 3825 343 3882 tinent:
363 3825 475 3895 sinere,
488 3843 553 3881 cum
566 3825 637 3881 alius
651 3825 709 3881 iure
722 3824 795 3880 civili
809 3825 938 3882 evincere
951 3824 1138 3880 hereditatem
1150 3822 1256 3894 possit’
1270 3821 1386 3892 Ulpian,

233 3927 291 3980 reg.
305 3911 346 3966 28.
364 3925 395 3978 13
409 3929 415 3964 :
434 3910 469 3964 cf.
483 3909 571 3965 Gaius
585 3908 621 3964 iii.
636 3923 652 3978 3
656 3909 732 3978 5-38.
768 3909 832 3963 The
843 3909 903 3964 rule
917 3925 993 3980 upon
1005 3908 1060 3962 this
1074 3917 1177 3962 matter
1189 3923 1256 3975 may
1270 3906 1306 3960 be
1320 3905 1385 3963 thus

234 3994 347 4052 stated:
366 3995 458 4049 where
475 3995 555 4050 there
573 3992 597 4048 is
616 4009 634 4048 a
652 3991 780 4047 collision
798 3992 926 4048 between
945 3992 994 4046 the
1011 3991 1075 4046 civil
1090 3990 1148 4046 and
1160 3991 1210 4046 the
1222 3987 1383 4060 praetorian

235 4077 305 4145 title,
318 4078 367 4132 the
380 4076 464 4131 latter
475 4085 550 4130 must
568 4073 644 4144 yield
663 4083 692 4130 to
711 4076 760 4130 the
778 4075 889 4144 former,
903 4074 961 4130 and
972 4074 1009 4129 be
1022 4072 1135 4143 sinere,
1148 4082 1248 4142 except
1261 4071 1290 4125 in
1304 4085 1386 4128 cases

234 4160 267 4214 oi
271 4161 411 4214 bonorum
420 4159 564 4230 possessio
573 4157 641 4214 iuris
649 4157 739 4213 civilis
749 4157 934 4228 impugnandi
944 4155 1043 4227 gratia,
1051 4155 1103 4212 viz.
1114 4159 1207 4210 where
1215 4157 1264 4210 the
1273 4169 1386 4224 posses·

233 4243 296 4300 sion
309 4243 333 4298 is
346 4243 430 4313 given
440 4252 469 4298 to
482 4241 561 4298 liberi
573 4259 650 4312 upon
664 4241 810 4311 intestacy,
820 4243 878 4297 and
890 4251 920 4296 to
932 4237 1132 4310 emancipated
1144 4237 1272 4294 children
1285 4245 1386 4294 contra

234 4327 353 4396 tabulas,
365 4326 422 4381 and
435 4325 464 4382 in
477 4325 583 4382 certain
594 4324 737 4381 instances
745 4325 922 4381 othonorum
936 4323 1080 4398 possessio
1093 4321 1250 4380 secundum
1263 4319 1384 4394 tabulas,

234 4411 277 4470 lor
289 4410 381 4466 which
393 4426 441 4468 see
454 4425 492 4466 ou
505 4409 558 4465 Bk.
572 4409 599 4466 ii.
616 4423 654 4480 17.
668 4409 686 4468 6
698 4425 775 4486 supr.
