<?xml version="1.0" encoding="UTF-8"?>
<!DOCTYPE html PUBLIC "-//W3C//DTD XHTML 1.0 Transitional//EN"
    "http://www.w3.org/TR/xhtml1/DTD/xhtml1-transitional.dtd">
<html xmlns="http://www.w3.org/1999/xhtml" xml:lang="en" lang="en">
 <head>
  <title>
</title>
<meta http-equiv="Content-Type" content="text/html;charset=utf-8" />
  <meta name='ocr-system' content='tesseract 3.04.00' />
  <meta name='ocr-capabilities' content='ocr_page ocr_carea ocr_par ocr_line ocrx_word'/>
</head>
<body>
  <div class='ocr_page' id='page_1' title='image "./imperatorisiust00moylgoog_0300.png"; bbox 0 0 3176 5022; ppageno 0'>
   <div class='ocr_carea' id='block_1_1' title="bbox 220 314 1367 399">
    <p class='ocr_par' dir='ltr' id='par_1_1' title="bbox 220 314 1367 399">
     <span class='ocr_line' id='line_1_1' title="bbox 220 314 1367 399; baseline -0.003 -17"><span class='ocrx_word' id='word_1_1' title='bbox 220 325 334 392; x_wconf 65' lang='lat' dir='ltr'><strong>rara]</strong></span> <span class='ocrx_word' id='word_1_2' title='bbox 573 339 575 343; x_wconf 29' lang='lat' dir='ltr'><strong>v</strong></span> <span class='ocrx_word' id='word_1_3' title='bbox 659 325 719 380; x_wconf 75' lang='lat' dir='ltr'><strong>na·</strong></span> <span class='ocrx_word' id='word_1_4' title='bbox 740 324 934 381; x_wconf 70' lang='lat' dir='ltr'><strong>marre.</strong></span> <span class='ocrx_word' id='word_1_5' title='bbox 1304 314 1367 399; x_wconf 85' lang='lat'><strong>285</strong></span> 
     </span>
    </p>
   </div>
   <div class='ocr_carea' id='block_1_2' title="bbox 217 488 1473 2445">
    <p class='ocr_par' dir='ltr' id='par_1_2' title="bbox 217 488 1473 2445">
     <span class='ocr_line' id='line_1_2' title="bbox 218 488 1367 573; baseline -0.002 -18"><span class='ocrx_word' id='word_1_6' title='bbox 218 490 378 573; x_wconf 88' lang='lat' dir='ltr'><strong>legatum,</strong></span> <span class='ocrx_word' id='word_1_7' title='bbox 394 490 421 554; x_wconf 91' lang='lat' dir='ltr'><strong>si</strong></span> <span class='ocrx_word' id='word_1_8' title='bbox 436 489 517 554; x_wconf 87' lang='lat' dir='ltr'><strong>nihil</strong></span> <span class='ocrx_word' id='word_1_9' title='bbox 533 489 607 573; x_wconf 90' lang='lat' dir='ltr'><strong>plus</strong></span> <span class='ocrx_word' id='word_1_10' title='bbox 623 497 673 555; x_wconf 90' lang='lat' dir='ltr'><strong>est</strong></span> <span class='ocrx_word' id='word_1_11' title='bbox 691 488 724 553; x_wconf 95' lang='lat' dir='ltr'><strong>in</strong></span> <span class='ocrx_word' id='word_1_12' title='bbox 740 490 851 572; x_wconf 87' lang='lat' dir='ltr'><strong>legato</strong></span> <span class='ocrx_word' id='word_1_13' title='bbox 872 508 974 573; x_wconf 87' lang='lat' dir='ltr'><strong>quarn</strong></span> <span class='ocrx_word' id='word_1_14' title='bbox 994 488 1027 553; x_wconf 91' lang='lat' dir='ltr'><strong>in</strong></span> <span class='ocrx_word' id='word_1_15' title='bbox 1049 488 1172 566; x_wconf 89' lang='lat' dir='ltr'><strong>debito,</strong></span> <span class='ocrx_word' id='word_1_16' title='bbox 1186 490 1264 572; x_wconf 91' lang='lat' dir='ltr'><strong>quia</strong></span> <span class='ocrx_word' id='word_1_17' title='bbox 1287 490 1367 555; x_wconf 88' lang='lat' dir='ltr'><strong>nihil</strong></span> 
     </span>
     <span class='ocr_line' id='line_1_3' title="bbox 219 593 1368 678; baseline 0.001 -20"><span class='ocrx_word' id='word_1_18' title='bbox 219 594 362 676; x_wconf 90' lang='lat' dir='ltr'><strong>amplius</strong></span> <span class='ocrx_word' id='word_1_19' title='bbox 373 593 476 660; x_wconf 93' lang='lat' dir='ltr'><strong>habet</strong></span> <span class='ocrx_word' id='word_1_20' title='bbox 488 613 547 678; x_wconf 92' lang='lat' dir='ltr'><strong>per</strong></span> <span class='ocrx_word' id='word_1_21' title='bbox 559 593 715 677; x_wconf 90' lang='lat' dir='ltr'><strong>legatum.</strong></span> <span class='ocrx_word' id='word_1_22' title='bbox 749 594 868 676; x_wconf 92' lang='lat' dir='ltr'><strong>quodsi</strong></span> <span class='ocrx_word' id='word_1_23' title='bbox 884 594 918 657; x_wconf 95' lang='lat' dir='ltr'><strong>in</strong></span> <span class='ocrx_word' id='word_1_24' title='bbox 933 594 1021 658; x_wconf 90' lang='lat' dir='ltr'><strong>diem</strong></span> <span class='ocrx_word' id='word_1_25' title='bbox 1033 593 1085 658; x_wconf 91' lang='lat' dir='ltr'><strong>vel</strong></span> <span class='ocrx_word' id='word_1_26' title='bbox 1100 593 1162 658; x_wconf 93' lang='lat' dir='ltr'><strong>sub</strong></span> <span class='ocrx_word' id='word_1_27' title='bbox 1175 594 1368 659; x_wconf 91' lang='lat' dir='ltr'><strong>condicione</strong></span> 
     </span>
     <span class='ocr_line' id='line_1_4' title="bbox 219 697 1368 782; baseline 0 -20"><span class='ocrx_word' id='word_1_28' title='bbox 219 698 371 762; x_wconf 90' lang='lat' dir='ltr'><strong>debiturn</strong></span> <span class='ocrx_word' id='word_1_29' title='bbox 387 699 417 762; x_wconf 87' lang='lat' dir='ltr'><strong>ei</strong></span> <span class='ocrx_word' id='word_1_30' title='bbox 432 719 515 782; x_wconf 92' lang='lat' dir='ltr'><strong>pure</strong></span> <span class='ocrx_word' id='word_1_31' title='bbox 529 697 697 782; x_wconf 84' lang='lat' dir='ltr'><strong>legaverit,</strong></span> <span class='ocrx_word' id='word_1_32' title='bbox 710 697 791 763; x_wconf 88' lang='lat' dir='ltr'><strong>utile</strong></span> <span class='ocrx_word' id='word_1_33' title='bbox 804 707 854 763; x_wconf 91' lang='lat' dir='ltr'><strong>est</strong></span> <span class='ocrx_word' id='word_1_34' title='bbox 869 697 1015 782; x_wconf 91' lang='lat' dir='ltr'><strong>legatum</strong></span> <span class='ocrx_word' id='word_1_35' title='bbox 1031 707 1165 782; x_wconf 90' lang='lat' dir='ltr'><strong>propter</strong></span> <span class='ocrx_word' id='word_1_36' title='bbox 1179 717 1368 781; x_wconf 89' lang='lat' dir='ltr'><strong>repraesen-</strong></span> 
     </span>
     <span class='ocr_line' id='line_1_5' title="bbox 219 802 1369 885; baseline 0 -20"><span class='ocrx_word' id='word_1_37' title='bbox 219 804 391 878; x_wconf 86' lang='lat' dir='ltr'><strong>tationem.</strong></span> <span class='ocrx_word' id='word_1_38' title='bbox 435 803 553 885; x_wconf 90' lang='lat' dir='ltr'><strong>quodsi</strong></span> <span class='ocrx_word' id='word_1_39' title='bbox 582 802 658 866; x_wconf 92' lang='lat' dir='ltr'><strong>vivo</strong></span> <span class='ocrx_word' id='word_1_40' title='bbox 688 811 848 868; x_wconf 85' lang='lat' dir='ltr'><strong>testatore</strong></span> <span class='ocrx_word' id='word_1_41' title='bbox 877 803 948 867; x_wconf 90' lang='lat' dir='ltr'><strong>dies</strong></span> <span class='ocrx_word' id='word_1_42' title='bbox 977 803 1103 868; x_wconf 90' lang='lat' dir='ltr'><strong>venerit</strong></span> <span class='ocrx_word' id='word_1_43' title='bbox 1131 812 1190 866; x_wconf 89' lang='lat' dir='ltr'><strong>aut</strong></span> <span class='ocrx_word' id='word_1_44' title='bbox 1219 802 1369 866; x_wconf 91' lang='lat' dir='ltr'><strong>condicio</strong></span> 
     </span>
     <span class='ocr_line' id='line_1_6' title="bbox 220 905 1369 990; baseline -0.002 -20"><span class='ocrx_word' id='word_1_45' title='bbox 220 907 378 984; x_wconf 90' lang='lat' dir='ltr'><strong>extiterit,</strong></span> <span class='ocrx_word' id='word_1_46' title='bbox 395 907 594 990; x_wconf 84' lang='lat' dir='ltr'><strong>Papinianus</strong></span> <span class='ocrx_word' id='word_1_47' title='bbox 617 907 746 990; x_wconf 88' lang='lat' dir='ltr'><strong>scripsit</strong></span> <span class='ocrx_word' id='word_1_48' title='bbox 768 907 850 972; x_wconf 90' lang='lat' dir='ltr'><strong>utile</strong></span> <span class='ocrx_word' id='word_1_49' title='bbox 871 927 944 972; x_wconf 90' lang='lat' dir='ltr'><strong>esse</strong></span> <span class='ocrx_word' id='word_1_50' title='bbox 966 906 1068 970; x_wconf 93' lang='lat' dir='ltr'><strong>nihilo</strong></span> <span class='ocrx_word' id='word_1_51' title='bbox 1089 907 1197 970; x_wconf 90' lang='lat' dir='ltr'><strong>minus</strong></span> <span class='ocrx_word' id='word_1_52' title='bbox 1213 905 1369 990; x_wconf 93' lang='lat' dir='ltr'><strong>legatum,</strong></span> 
     </span>
     <span class='ocr_line' id='line_1_7' title="bbox 222 1009 1473 1094; baseline 0 -22"><span class='ocrx_word' id='word_1_53' title='bbox 222 1011 301 1092; x_wconf 92' lang='lat' dir='ltr'><strong>quia</strong></span> <span class='ocrx_word' id='word_1_54' title='bbox 321 1009 424 1075; x_wconf 88' lang='lat' dir='ltr'><strong>semel</strong></span> <span class='ocrx_word' id='word_1_55' title='bbox 446 1010 602 1076; x_wconf 90' lang='lat' dir='ltr'><strong>constitit.</strong></span> <span class='ocrx_word' id='word_1_56' title='bbox 647 1011 737 1094; x_wconf 92' lang='lat' dir='ltr'><strong>quod</strong></span> <span class='ocrx_word' id='word_1_57' title='bbox 760 1020 795 1076; x_wconf 90' lang='lat' dir='ltr'><strong>et</strong></span> <span class='ocrx_word' id='word_1_58' title='bbox 818 1031 931 1076; x_wconf 84' lang='lat' dir='ltr'><strong>venrm</strong></span> <span class='ocrx_word' id='word_1_59' title='bbox 955 1019 1024 1075; x_wconf 86' lang='lat' dir='ltr'><strong>est:</strong></span> <span class='ocrx_word' id='word_1_60' title='bbox 1047 1030 1113 1074; x_wconf 91' lang='lat' dir='ltr'><strong>non</strong></span> <span class='ocrx_word' id='word_1_61' title='bbox 1136 1010 1223 1074; x_wconf 87' lang='lat' dir='ltr'><strong>enirn</strong></span> <span class='ocrx_word' id='word_1_62' title='bbox 1245 1009 1371 1092; x_wconf 90' lang='lat' dir='ltr'><strong>placuit</strong></span> <span class='ocrx_word' id='word_1_63' title='bbox 1467 1047 1473 1058; x_wconf 89' lang='lat'><strong>·</strong></span> 
     </span>
     <span class='ocr_line' id='line_1_8' title="bbox 219 1113 1369 1198; baseline 0 -22"><span class='ocrx_word' id='word_1_64' title='bbox 219 1115 384 1178; x_wconf 88' lang='lat' dir='ltr'><strong>sententia</strong></span> <span class='ocrx_word' id='word_1_65' title='bbox 400 1113 663 1180; x_wconf 88' lang='lat' dir='ltr'><strong>existimantium</strong></span> <span class='ocrx_word' id='word_1_66' title='bbox 683 1115 868 1180; x_wconf 90' lang='lat' dir='ltr'><strong>extinctum</strong></span> <span class='ocrx_word' id='word_1_67' title='bbox 890 1135 962 1179; x_wconf 89' lang='lat' dir='ltr'><strong>esse</strong></span> <span class='ocrx_word' id='word_1_68' title='bbox 981 1113 1136 1198; x_wconf 88' lang='lat' dir='ltr'><strong>legatum,</strong></span> <span class='ocrx_word' id='word_1_69' title='bbox 1153 1114 1230 1196; x_wconf 90' lang='lat' dir='ltr'><strong>quia</strong></span> <span class='ocrx_word' id='word_1_70' title='bbox 1245 1115 1278 1176; x_wconf 94' lang='lat' dir='ltr'><strong>in</strong></span> <span class='ocrx_word' id='word_1_71' title='bbox 1293 1133 1369 1176; x_wconf 90' lang='lat' dir='ltr'><strong>eam</strong></span> 
     </span>
     <span class='ocr_line' id='line_1_9' title="bbox 219 1215 1417 1302; baseline -0.004 -20"><span class='ocrx_word' id='word_1_72' title='bbox 219 1236 355 1282; x_wconf 88' lang='lat' dir='ltr'><strong>causam</strong></span> <span class='ocrx_word' id='word_1_73' title='bbox 379 1218 536 1301; x_wconf 89' lang='lat' dir='ltr'><strong>pervenit,</strong></span> <span class='ocrx_word' id='word_1_74' title='bbox 561 1239 582 1282; x_wconf 92' lang='lat' dir='ltr'><strong>a</strong></span> <span class='ocrx_word' id='word_1_75' title='bbox 605 1238 672 1301; x_wconf 91' lang='lat' dir='ltr'><strong>qua</strong></span> <span class='ocrx_word' id='word_1_76' title='bbox 698 1219 839 1302; x_wconf 88' lang='lat' dir='ltr'><strong>incipere</strong></span> <span class='ocrx_word' id='word_1_77' title='bbox 865 1239 932 1282; x_wconf 93' lang='lat' dir='ltr'><strong>non</strong></span> <span class='ocrx_word' id='word_1_78' title='bbox 958 1225 1080 1301; x_wconf 90' lang='lat' dir='ltr'><strong>potest.</strong></span> <span class='ocrx_word' id='word_1_79' title='bbox 1125 1215 1194 1282; x_wconf 88' lang='lat' dir='ltr'><strong>Sed</strong></span> <span class='ocrx_word' id='word_1_80' title='bbox 1219 1217 1247 1281; x_wconf 92' lang='lat' dir='ltr'><strong>si</strong></span> <span class='ocrx_word' id='word_1_81' title='bbox 1273 1215 1368 1280; x_wconf 90' lang='lat' dir='ltr'><strong>uxori</strong></span> <span class='ocrx_word' id='word_1_82' title='bbox 1383 1221 1417 1277; x_wconf 83' lang='lat'><strong>15</strong></span> 
     </span>
     <span class='ocr_line' id='line_1_10' title="bbox 218 1319 1369 1404; baseline 0 -20"><span class='ocrx_word' id='word_1_83' title='bbox 218 1321 358 1386; x_wconf 88' lang='lat' dir='ltr'><strong>maritus</strong></span> <span class='ocrx_word' id='word_1_84' title='bbox 373 1322 488 1386; x_wconf 89' lang='lat' dir='ltr'><strong>dotem</strong></span> <span class='ocrx_word' id='word_1_85' title='bbox 505 1321 673 1404; x_wconf 85' lang='lat' dir='ltr'><strong>legaverit,</strong></span> <span class='ocrx_word' id='word_1_86' title='bbox 686 1322 777 1387; x_wconf 92' lang='lat' dir='ltr'><strong>valet</strong></span> <span class='ocrx_word' id='word_1_87' title='bbox 791 1322 947 1404; x_wconf 88' lang='lat' dir='ltr'><strong>legatum,</strong></span> <span class='ocrx_word' id='word_1_88' title='bbox 963 1321 1041 1404; x_wconf 89' lang='lat' dir='ltr'><strong>quia</strong></span> <span class='ocrx_word' id='word_1_89' title='bbox 1056 1321 1186 1404; x_wconf 88' lang='lat' dir='ltr'><strong>plenius</strong></span> <span class='ocrx_word' id='word_1_90' title='bbox 1209 1330 1259 1385; x_wconf 92' lang='lat' dir='ltr'><strong>est</strong></span> <span class='ocrx_word' id='word_1_91' title='bbox 1281 1319 1369 1403; x_wconf 92' lang='lat' dir='ltr'><strong>lega·</strong></span> 
     </span>
     <span class='ocr_line' id='line_1_11' title="bbox 217 1425 1369 1508; baseline -0.003 -17"><span class='ocrx_word' id='word_1_92' title='bbox 217 1435 291 1491; x_wconf 90' lang='lat' dir='ltr'><strong>tum</strong></span> <span class='ocrx_word' id='word_1_93' title='bbox 308 1445 409 1508; x_wconf 88' lang='lat' dir='ltr'><strong>quam</strong></span> <span class='ocrx_word' id='word_1_94' title='bbox 428 1425 471 1491; x_wconf 93' lang='lat' dir='ltr'><strong>de</strong></span> <span class='ocrx_word' id='word_1_95' title='bbox 490 1427 570 1491; x_wconf 93' lang='lat' dir='ltr'><strong>dote</strong></span> <span class='ocrx_word' id='word_1_96' title='bbox 586 1426 684 1492; x_wconf 89' lang='lat' dir='ltr'><strong>actio.</strong></span> <span class='ocrx_word' id='word_1_97' title='bbox 725 1429 783 1492; x_wconf 90' lang='lat' dir='ltr'><strong>sed</strong></span> <span class='ocrx_word' id='word_1_98' title='bbox 806 1427 833 1491; x_wconf 92' lang='lat' dir='ltr'><strong>si</strong></span> <span class='ocrx_word' id='word_1_99' title='bbox 857 1446 958 1508; x_wconf 87' lang='lat' dir='ltr'><strong>quarn</strong></span> <span class='ocrx_word' id='word_1_100' title='bbox 981 1447 1047 1490; x_wconf 91' lang='lat' dir='ltr'><strong>non</strong></span> <span class='ocrx_word' id='word_1_101' title='bbox 1069 1425 1233 1508; x_wconf 86' lang='lat' dir='ltr'><strong>acceperit</strong></span> <span class='ocrx_word' id='word_1_102' title='bbox 1254 1425 1369 1490; x_wconf 91' lang='lat' dir='ltr'><strong>dotem</strong></span> 
     </span>
     <span class='ocr_line' id='line_1_12' title="bbox 218 1529 1367 1614; baseline -0.001 -21"><span class='ocrx_word' id='word_1_103' title='bbox 218 1529 386 1612; x_wconf 83' lang='lat' dir='ltr'><strong>legaverit,</strong></span> <span class='ocrx_word' id='word_1_104' title='bbox 403 1529 469 1595; x_wconf 91' lang='lat' dir='ltr'><strong>divi</strong></span> <span class='ocrx_word' id='word_1_105' title='bbox 489 1529 631 1596; x_wconf 89' lang='lat' dir='ltr'><strong>Severus</strong></span> <span class='ocrx_word' id='word_1_106' title='bbox 651 1541 686 1596; x_wconf 92' lang='lat' dir='ltr'><strong>et</strong></span> <span class='ocrx_word' id='word_1_107' title='bbox 708 1530 899 1604; x_wconf 88' lang='lat' dir='ltr'><strong>Antoninus</strong></span> <span class='ocrx_word' id='word_1_108' title='bbox 922 1531 1167 1614; x_wconf 90' lang='lat' dir='ltr'><strong>rescripserunt,</strong></span> <span class='ocrx_word' id='word_1_109' title='bbox 1181 1531 1209 1594; x_wconf 88' lang='lat' dir='ltr'><strong>si</strong></span> <span class='ocrx_word' id='word_1_110' title='bbox 1232 1530 1367 1612; x_wconf 91' lang='lat' dir='ltr'><strong>quidem</strong></span> 
     </span>
     <span class='ocr_line' id='line_1_13' title="bbox 222 1634 1370 1720; baseline 0 -22"><span class='ocrx_word' id='word_1_111' title='bbox 222 1634 416 1717; x_wconf 90' lang='lat' dir='ltr'><strong>simpliciter</strong></span> <span class='ocrx_word' id='word_1_112' title='bbox 427 1634 594 1719; x_wconf 88' lang='lat' dir='ltr'><strong>legaverit,</strong></span> <span class='ocrx_word' id='word_1_113' title='bbox 606 1636 721 1701; x_wconf 89' lang='lat' dir='ltr'><strong>inutile</strong></span> <span class='ocrx_word' id='word_1_114' title='bbox 734 1657 806 1702; x_wconf 88' lang='lat' dir='ltr'><strong>esse</strong></span> <span class='ocrx_word' id='word_1_115' title='bbox 818 1636 977 1720; x_wconf 91' lang='lat' dir='ltr'><strong>legatum:</strong></span> <span class='ocrx_word' id='word_1_116' title='bbox 998 1635 1114 1702; x_wconf 89' lang='lat' dir='ltr'><strong>sivero</strong></span> <span class='ocrx_word' id='word_1_117' title='bbox 1127 1646 1218 1700; x_wconf 90' lang='lat' dir='ltr'><strong>certa</strong></span> <span class='ocrx_word' id='word_1_118' title='bbox 1229 1634 1370 1718; x_wconf 90' lang='lat' dir='ltr'><strong>pecunia</strong></span> 
     </span>
     <span class='ocr_line' id='line_1_14' title="bbox 218 1738 1369 1822; baseline 0 -20"><span class='ocrx_word' id='word_1_119' title='bbox 218 1739 271 1803; x_wconf 93' lang='lat' dir='ltr'><strong>vel</strong></span> <span class='ocrx_word' id='word_1_120' title='bbox 292 1749 418 1804; x_wconf 89' lang='lat' dir='ltr'><strong>certum</strong></span> <span class='ocrx_word' id='word_1_121' title='bbox 439 1759 558 1822; x_wconf 87' lang='lat' dir='ltr'><strong>corpus</strong></span> <span class='ocrx_word' id='word_1_122' title='bbox 573 1750 632 1806; x_wconf 90' lang='lat' dir='ltr'><strong>aut</strong></span> <span class='ocrx_word' id='word_1_123' title='bbox 647 1740 903 1806; x_wconf 89' lang='lat' dir='ltr'><strong>instrumentum</strong></span> <span class='ocrx_word' id='word_1_124' title='bbox 919 1739 1008 1805; x_wconf 89' lang='lat' dir='ltr'><strong>dotis</strong></span> <span class='ocrx_word' id='word_1_125' title='bbox 1023 1739 1056 1802; x_wconf 95' lang='lat' dir='ltr'><strong>in</strong></span> <span class='ocrx_word' id='word_1_126' title='bbox 1072 1738 1295 1822; x_wconf 90' lang='lat' dir='ltr'><strong>praelegando</strong></span> <span class='ocrx_word' id='word_1_127' title='bbox 1311 1738 1369 1802; x_wconf 92' lang='lat' dir='ltr'><strong>de·</strong></span> 
     </span>
     <span class='ocr_line' id='line_1_15' title="bbox 218 1841 1418 1926; baseline 0 -20"><span class='ocrx_word' id='word_1_128' title='bbox 218 1851 402 1908; x_wconf 86' lang='lat' dir='ltr'><strong>monstrata</strong></span> <span class='ocrx_word' id='word_1_129' title='bbox 416 1853 502 1920; x_wconf 90' lang='lat' dir='ltr'><strong>sunt,</strong></span> <span class='ocrx_word' id='word_1_130' title='bbox 514 1843 624 1907; x_wconf 90' lang='lat' dir='ltr'><strong>valere</strong></span> <span class='ocrx_word' id='word_1_131' title='bbox 636 1843 792 1926; x_wconf 85' lang='lat' dir='ltr'><strong>legatum.</strong></span> <span class='ocrx_word' id='word_1_132' title='bbox 821 1843 858 1908; x_wconf 90' lang='lat' dir='ltr'><strong>Si</strong></span> <span class='ocrx_word' id='word_1_133' title='bbox 871 1863 921 1908; x_wconf 89' lang='lat' dir='ltr'><strong>res</strong></span> <span class='ocrx_word' id='word_1_134' title='bbox 932 1843 1045 1926; x_wconf 91' lang='lat' dir='ltr'><strong>legata</strong></span> <span class='ocrx_word' id='word_1_135' title='bbox 1057 1843 1126 1907; x_wconf 92' lang='lat' dir='ltr'><strong>sine</strong></span> <span class='ocrx_word' id='word_1_136' title='bbox 1138 1843 1226 1907; x_wconf 91' lang='lat' dir='ltr'><strong>facto</strong></span> <span class='ocrx_word' id='word_1_137' title='bbox 1238 1841 1369 1906; x_wconf 87' lang='lat' dir='ltr'><strong>heredis</strong></span> <span class='ocrx_word' id='word_1_138' title='bbox 1383 1843 1418 1899; x_wconf 89' lang='grc'><strong>16</strong></span> 
     </span>
     <span class='ocr_line' id='line_1_16' title="bbox 218 1945 1370 2030; baseline -0.001 -20"><span class='ocrx_word' id='word_1_139' title='bbox 218 1945 359 2028; x_wconf 89' lang='lat' dir='ltr'><strong>perierit,</strong></span> <span class='ocrx_word' id='word_1_140' title='bbox 381 1945 541 2030; x_wconf 90' lang='lat' dir='ltr'><strong>legatario</strong></span> <span class='ocrx_word' id='word_1_141' title='bbox 564 1947 705 2012; x_wconf 89' lang='lat' dir='ltr'><strong>decedit.</strong></span> <span class='ocrx_word' id='word_1_142' title='bbox 750 1957 785 2013; x_wconf 91' lang='lat' dir='ltr'><strong>et</strong></span> <span class='ocrx_word' id='word_1_143' title='bbox 810 1948 837 2011; x_wconf 90' lang='lat' dir='ltr'><strong>si</strong></span> <span class='ocrx_word' id='word_1_144' title='bbox 864 1965 977 2012; x_wconf 85' lang='lat' dir='ltr'><strong>servus</strong></span> <span class='ocrx_word' id='word_1_145' title='bbox 1000 1946 1126 2010; x_wconf 88' lang='lat' dir='ltr'><strong>alienus</strong></span> <span class='ocrx_word' id='word_1_146' title='bbox 1148 1945 1277 2028; x_wconf 88' lang='lat' dir='ltr'><strong>legatus</strong></span> <span class='ocrx_word' id='word_1_147' title='bbox 1300 1947 1370 2010; x_wconf 93' lang='lat' dir='ltr'><strong>sine</strong></span> 
     </span>
     <span class='ocr_line' id='line_1_17' title="bbox 217 2048 1370 2127; baseline 0 -15"><span class='ocrx_word' id='word_1_148' title='bbox 217 2049 309 2116; x_wconf 89' lang='lat' dir='ltr'><strong>facto</strong></span> <span class='ocrx_word' id='word_1_149' title='bbox 330 2049 462 2114; x_wconf 90' lang='lat' dir='ltr'><strong>heredis</strong></span> <span class='ocrx_word' id='word_1_150' title='bbox 485 2051 705 2115; x_wconf 86' lang='lat' dir='ltr'><strong>manumissus</strong></span> <span class='ocrx_word' id='word_1_151' title='bbox 723 2050 832 2127; x_wconf 89' lang='lat' dir='ltr'><strong>fuerit,</strong></span> <span class='ocrx_word' id='word_1_152' title='bbox 855 2070 921 2114; x_wconf 92' lang='lat' dir='ltr'><strong>non</strong></span> <span class='ocrx_word' id='word_1_153' title='bbox 947 2059 1079 2115; x_wconf 90' lang='lat' dir='ltr'><strong>tenetur</strong></span> <span class='ocrx_word' id='word_1_154' title='bbox 1099 2048 1205 2114; x_wconf 87' lang='lat' dir='ltr'><strong>heres.</strong></span> <span class='ocrx_word' id='word_1_155' title='bbox 1249 2049 1276 2113; x_wconf 92' lang='lat' dir='ltr'><strong>si</strong></span> <span class='ocrx_word' id='word_1_156' title='bbox 1292 2069 1370 2113; x_wconf 90' lang='lat' dir='ltr'><strong>vero</strong></span> 
     </span>
     <span class='ocr_line' id='line_1_18' title="bbox 219 2151 1369 2238; baseline -0.002 -22"><span class='ocrx_word' id='word_1_157' title='bbox 219 2151 350 2216; x_wconf 88' lang='lat' dir='ltr'><strong>heredis</strong></span> <span class='ocrx_word' id='word_1_158' title='bbox 368 2175 481 2220; x_wconf 87' lang='lat' dir='ltr'><strong>servus</strong></span> <span class='ocrx_word' id='word_1_159' title='bbox 501 2155 633 2238; x_wconf 89' lang='lat' dir='ltr'><strong>legatus</strong></span> <span class='ocrx_word' id='word_1_160' title='bbox 653 2153 750 2220; x_wconf 91' lang='lat' dir='ltr'><strong>fuerit</strong></span> <span class='ocrx_word' id='word_1_161' title='bbox 770 2164 805 2219; x_wconf 90' lang='lat' dir='ltr'><strong>et</strong></span> <span class='ocrx_word' id='word_1_162' title='bbox 826 2155 896 2237; x_wconf 93' lang='lat' dir='ltr'><strong>ipse</strong></span> <span class='ocrx_word' id='word_1_163' title='bbox 917 2173 992 2217; x_wconf 91' lang='lat' dir='ltr'><strong>eum</strong></span> <span class='ocrx_word' id='word_1_164' title='bbox 1013 2153 1250 2225; x_wconf 90' lang='lat' dir='ltr'><strong>manumiserit,</strong></span> <span class='ocrx_word' id='word_1_165' title='bbox 1265 2153 1369 2217; x_wconf 91' lang='lat' dir='ltr'><strong>teneri</strong></span> 
     </span>
     <span class='ocr_line' id='line_1_19' title="bbox 220 2257 1370 2342; baseline -0.001 -20"><span class='ocrx_word' id='word_1_166' title='bbox 220 2278 296 2322; x_wconf 89' lang='lat' dir='ltr'><strong>eum</strong></span> <span class='ocrx_word' id='word_1_167' title='bbox 313 2259 460 2323; x_wconf 91' lang='lat' dir='ltr'><strong>Iulianus</strong></span> <span class='ocrx_word' id='word_1_168' title='bbox 478 2261 616 2342; x_wconf 86' lang='lat' dir='ltr'><strong>scripsit,</strong></span> <span class='ocrx_word' id='word_1_169' title='bbox 634 2280 694 2324; x_wconf 90' lang='lat' dir='ltr'><strong>nec</strong></span> <span class='ocrx_word' id='word_1_170' title='bbox 717 2261 864 2336; x_wconf 90' lang='lat' dir='ltr'><strong>interest,</strong></span> <span class='ocrx_word' id='word_1_171' title='bbox 880 2258 989 2323; x_wconf 88' lang='lat' dir='ltr'><strong>scierit</strong></span> <span class='ocrx_word' id='word_1_172' title='bbox 1011 2279 1053 2322; x_wconf 91' lang='lat' dir='ltr'><strong>an</strong></span> <span class='ocrx_word' id='word_1_173' title='bbox 1072 2257 1269 2340; x_wconf 85' lang='lat' dir='ltr'><strong>ignoraverit</strong></span> <span class='ocrx_word' id='word_1_174' title='bbox 1291 2277 1311 2320; x_wconf 89' lang='lat' dir='ltr'><strong>a</strong></span> <span class='ocrx_word' id='word_1_175' title='bbox 1333 2277 1370 2321; x_wconf 91' lang='lat' dir='ltr'><strong>se</strong></span> 
     </span>
     <span class='ocr_line' id='line_1_20' title="bbox 219 2360 1370 2445; baseline -0.002 -21"><span class='ocrx_word' id='word_1_176' title='bbox 219 2360 367 2445; x_wconf 87' lang='lat' dir='ltr'><strong>legatum</strong></span> <span class='ocrx_word' id='word_1_177' title='bbox 383 2383 466 2427; x_wconf 87' lang='lat' dir='ltr'><strong>esse.</strong></span> <span class='ocrx_word' id='word_1_178' title='bbox 497 2364 556 2428; x_wconf 92' lang='lat' dir='ltr'><strong>sed</strong></span> <span class='ocrx_word' id='word_1_179' title='bbox 569 2372 604 2428; x_wconf 94' lang='lat' dir='ltr'><strong>et</strong></span> <span class='ocrx_word' id='word_1_180' title='bbox 619 2365 647 2427; x_wconf 89' lang='lat' dir='ltr'><strong>si</strong></span> <span class='ocrx_word' id='word_1_181' title='bbox 662 2362 717 2428; x_wconf 92' lang='lat' dir='ltr'><strong>alii</strong></span> <span class='ocrx_word' id='word_1_182' title='bbox 733 2363 906 2428; x_wconf 89' lang='lat' dir='ltr'><strong>donaverit</strong></span> <span class='ocrx_word' id='word_1_183' title='bbox 921 2381 1052 2426; x_wconf 88' lang='lat' dir='ltr'><strong>servum</strong></span> <span class='ocrx_word' id='word_1_184' title='bbox 1069 2363 1145 2426; x_wconf 89' lang='lat' dir='ltr'><strong>etis</strong></span> <span class='ocrx_word' id='word_1_185' title='bbox 1161 2361 1212 2426; x_wconf 93' lang='lat' dir='ltr'><strong>cui</strong></span> <span class='ocrx_word' id='word_1_186' title='bbox 1228 2361 1370 2425; x_wconf 90' lang='lat' dir='ltr'><strong>donatus</strong></span> 
     </span>
    </p>
   </div>
   <div class='ocr_carea' id='block_1_3' title="bbox 189 2617 1372 4530">
    <p class='ocr_par' dir='ltr' id='par_1_3' title="bbox 189 2617 1372 4530">
     <span class='ocr_line' id='line_1_21' title="bbox 219 2617 1371 2690; baseline -0.003 -15"><span class='ocrx_word' id='word_1_187' title='bbox 219 2618 373 2688; x_wconf 87' lang='lat' dir='ltr'><strong>condition,</strong></span> <span class='ocrx_word' id='word_1_188' title='bbox 397 2617 421 2673; x_wconf 90' lang='lat' dir='ltr'><strong>is</strong></span> <span class='ocrx_word' id='word_1_189' title='bbox 446 2618 514 2690; x_wconf 88' lang='lat' dir='ltr'><strong>paid</strong></span> <span class='ocrx_word' id='word_1_190' title='bbox 538 2617 635 2674; x_wconf 83' lang='lat' dir='ltr'><strong>before</strong></span> <span class='ocrx_word' id='word_1_191' title='bbox 659 2619 708 2675; x_wconf 91' lang='lat' dir='ltr'><strong>the</strong></span> <span class='ocrx_word' id='word_1_192' title='bbox 733 2618 802 2675; x_wconf 86' lang='lat' dir='ltr'><strong>time</strong></span> <span class='ocrx_word' id='word_1_193' title='bbox 827 2635 859 2674; x_wconf 93' lang='lat' dir='ltr'><strong>or</strong></span> <span class='ocrx_word' id='word_1_194' title='bbox 882 2619 932 2674; x_wconf 85' lang='lat' dir='ltr'><strong>the</strong></span> <span class='ocrx_word' id='word_1_195' title='bbox 960 2635 1129 2675; x_wconf 76' lang='lat' dir='ltr'><strong>occurrence</strong></span> <span class='ocrx_word' id='word_1_196' title='bbox 1153 2617 1187 2674; x_wconf 90' lang='lat' dir='ltr'><strong>of</strong></span> <span class='ocrx_word' id='word_1_197' title='bbox 1210 2619 1259 2674; x_wconf 92' lang='lat' dir='ltr'><strong>the</strong></span> <span class='ocrx_word' id='word_1_198' title='bbox 1287 2627 1371 2673; x_wconf 91' lang='lat' dir='ltr'><strong>event</strong></span> 
     </span>
     <span class='ocr_line' id='line_1_22' title="bbox 219 2701 1372 2774; baseline -0.001 -16"><span class='ocrx_word' id='word_1_199' title='bbox 219 2701 362 2773; x_wconf 88' lang='lat' dir='ltr'><strong>specified,</strong></span> <span class='ocrx_word' id='word_1_200' title='bbox 384 2703 432 2757; x_wconf 88' lang='lat' dir='ltr'><strong>the</strong></span> <span class='ocrx_word' id='word_1_201' title='bbox 455 2701 577 2758; x_wconf 89' lang='lat' dir='ltr'><strong>creditor</strong></span> <span class='ocrx_word' id='word_1_202' title='bbox 597 2703 621 2757; x_wconf 87' lang='lat' dir='ltr'><strong>is</strong></span> <span class='ocrx_word' id='word_1_203' title='bbox 640 2719 691 2773; x_wconf 89' lang='lat' dir='ltr'><strong>pro</strong></span> <span class='ocrx_word' id='word_1_204' title='bbox 710 2713 791 2758; x_wconf 89' lang='lat' dir='ltr'><strong>tanto</strong></span> <span class='ocrx_word' id='word_1_205' title='bbox 809 2703 909 2772; x_wconf 87' lang='lat' dir='ltr'><strong>better,</strong></span> <span class='ocrx_word' id='word_1_206' title='bbox 928 2703 977 2758; x_wconf 86' lang='lat' dir='ltr'><strong>the</strong></span> <span class='ocrx_word' id='word_1_207' title='bbox 996 2703 1097 2758; x_wconf 89' lang='lat' dir='ltr'><strong>debtor</strong></span> <span class='ocrx_word' id='word_1_208' title='bbox 1115 2719 1167 2774; x_wconf 91' lang='lat' dir='ltr'><strong>pro</strong></span> <span class='ocrx_word' id='word_1_209' title='bbox 1186 2711 1265 2758; x_wconf 86' lang='lat' dir='ltr'><strong>tanto</strong></span> <span class='ocrx_word' id='word_1_210' title='bbox 1282 2719 1372 2757; x_wconf 87' lang='lat' dir='ltr'><strong>worse</strong></span> 
     </span>
     <span class='ocr_line' id='line_1_23' title="bbox 218 2785 1372 2856; baseline -0.001 -16"><span class='ocrx_word' id='word_1_211' title='bbox 218 2785 273 2840; x_wconf 86' lang='lat' dir='ltr'><strong>off:</strong></span> <span class='ocrx_word' id='word_1_212' title='bbox 293 2785 349 2841; x_wconf 89' lang='lat' dir='ltr'><strong>this</strong></span> <span class='ocrx_word' id='word_1_213' title='bbox 363 2785 430 2856; x_wconf 91' lang='lat' dir='ltr'><strong>gain</strong></span> <span class='ocrx_word' id='word_1_214' title='bbox 442 2803 475 2840; x_wconf 92' lang='lat' dir='ltr'><strong>or</strong></span> <span class='ocrx_word' id='word_1_215' title='bbox 486 2787 544 2841; x_wconf 85' lang='lat' dir='ltr'><strong>loss</strong></span> <span class='ocrx_word' id='word_1_216' title='bbox 557 2785 581 2841; x_wconf 92' lang='lat' dir='ltr'><strong>is</strong></span> <span class='ocrx_word' id='word_1_217' title='bbox 594 2785 685 2842; x_wconf 92' lang='lat' dir='ltr'><strong>called</strong></span> <span class='ocrx_word' id='word_1_218' title='bbox 699 2785 906 2852; x_wconf 86' lang='lat' dir='ltr'><strong>interusurium,</strong></span> <span class='ocrx_word' id='word_1_219' title='bbox 920 2786 1102 2842; x_wconf 89' lang='lat' dir='ltr'><strong>commodum</strong></span> <span class='ocrx_word' id='word_1_220' title='bbox 1114 2803 1147 2842; x_wconf 90' lang='lat' dir='ltr'><strong>or</strong></span> <span class='ocrx_word' id='word_1_221' title='bbox 1159 2785 1372 2842; x_wconf 87' lang='lat' dir='ltr'><strong>incommodum</strong></span> 
     </span>
     <span class='ocr_line' id='line_1_24' title="bbox 218 2867 1370 2940; baseline 0 -18"><span class='ocrx_word' id='word_1_222' title='bbox 218 2867 494 2940; x_wconf 84' lang='lat' dir='ltr'><strong>repraesentationis,</strong></span> <span class='ocrx_word' id='word_1_223' title='bbox 513 2868 541 2924; x_wconf 90' lang='lat' dir='ltr'><strong>in</strong></span> <span class='ocrx_word' id='word_1_224' title='bbox 566 2869 685 2926; x_wconf 86' lang='lat' dir='ltr'><strong>modern</strong></span> <span class='ocrx_word' id='word_1_225' title='bbox 707 2868 872 2926; x_wconf 88' lang='lat' dir='ltr'><strong>mercantile</strong></span> <span class='ocrx_word' id='word_1_226' title='bbox 896 2869 1036 2940; x_wconf 83' lang='lat' dir='ltr'><strong>language</strong></span> <span class='ocrx_word' id='word_1_227' title='bbox 1057 2871 1150 2926; x_wconf 90' lang='lat' dir='ltr'><strong>rabatt</strong></span> <span class='ocrx_word' id='word_1_228' title='bbox 1175 2885 1207 2925; x_wconf 91' lang='lat' dir='ltr'><strong>or</strong></span> <span class='ocrx_word' id='word_1_229' title='bbox 1231 2869 1370 2924; x_wconf 90' lang='lat' dir='ltr'><strong>disconto.</strong></span> 
     </span>
     <span class='ocr_line' id='line_1_25' title="bbox 220 2951 1371 3022; baseline 0 -16"><span class='ocrx_word' id='word_1_230' title='bbox 220 2953 276 3007; x_wconf 88' lang='lat' dir='ltr'><strong>lfa</strong></span> <span class='ocrx_word' id='word_1_231' title='bbox 287 2961 407 3008; x_wconf 89' lang='lat' dir='ltr'><strong>testator</strong></span> <span class='ocrx_word' id='word_1_232' title='bbox 421 2952 515 3007; x_wconf 88' lang='lat' dir='ltr'><strong>leaves</strong></span> <span class='ocrx_word' id='word_1_233' title='bbox 533 2961 563 3007; x_wconf 94' lang='lat' dir='ltr'><strong>to</strong></span> <span class='ocrx_word' id='word_1_234' title='bbox 576 2969 593 3007; x_wconf 89' lang='lat' dir='ltr'><strong>a</strong></span> <span class='ocrx_word' id='word_1_235' title='bbox 606 2953 750 3022; x_wconf 86' lang='lat' dir='ltr'><strong>supposed</strong></span> <span class='ocrx_word' id='word_1_236' title='bbox 769 2953 892 3008; x_wconf 88' lang='lat' dir='ltr'><strong>creditor</strong></span> <span class='ocrx_word' id='word_1_237' title='bbox 910 2954 958 3009; x_wconf 90' lang='lat' dir='ltr'><strong>the</strong></span> <span class='ocrx_word' id='word_1_238' title='bbox 977 2963 1094 3009; x_wconf 87' lang='lat' dir='ltr'><strong>amount</strong></span> <span class='ocrx_word' id='word_1_239' title='bbox 1110 2955 1143 3008; x_wconf 96' lang='lat' dir='ltr'><strong>of</strong></span> <span class='ocrx_word' id='word_1_240' title='bbox 1150 2971 1168 3008; x_wconf 92' lang='lat' dir='ltr'><strong>a</strong></span> <span class='ocrx_word' id='word_1_241' title='bbox 1180 2951 1371 3008; x_wconf 90' lang='lat' dir='ltr'><strong>non-existent</strong></span> 
     </span>
     <span class='ocr_line' id='line_1_26' title="bbox 219 3034 1371 3108; baseline 0.001 -19"><span class='ocrx_word' id='word_1_242' title='bbox 219 3034 295 3104; x_wconf 93' lang='lat' dir='ltr'><strong>debt,</strong></span> <span class='ocrx_word' id='word_1_243' title='bbox 320 3036 369 3090; x_wconf 88' lang='lat' dir='ltr'><strong>the</strong></span> <span class='ocrx_word' id='word_1_244' title='bbox 389 3035 489 3105; x_wconf 86' lang='lat' dir='ltr'><strong>legacy</strong></span> <span class='ocrx_word' id='word_1_245' title='bbox 509 3035 533 3090; x_wconf 90' lang='lat' dir='ltr'><strong>is</strong></span> <span class='ocrx_word' id='word_1_246' title='bbox 557 3035 624 3091; x_wconf 91' lang='lat' dir='ltr'><strong>void</strong></span> <span class='ocrx_word' id='word_1_247' title='bbox 646 3035 670 3090; x_wconf 92' lang='lat' dir='ltr'><strong>if</strong></span> <span class='ocrx_word' id='word_1_248' title='bbox 688 3037 737 3092; x_wconf 89' lang='lat' dir='ltr'><strong>the</strong></span> <span class='ocrx_word' id='word_1_249' title='bbox 758 3037 826 3092; x_wconf 91' lang='lat' dir='ltr'><strong>debt</strong></span> <span class='ocrx_word' id='word_1_250' title='bbox 849 3037 873 3092; x_wconf 88' lang='lat' dir='ltr'><strong>is</strong></span> <span class='ocrx_word' id='word_1_251' title='bbox 895 3035 998 3108; x_wconf 84' lang='lat' dir='ltr'><strong>simply</strong></span> <span class='ocrx_word' id='word_1_252' title='bbox 1019 3035 1143 3093; x_wconf 81' lang='lat' dir='ltr'><strong>referred</strong></span> <span class='ocrx_word' id='word_1_253' title='bbox 1163 3046 1203 3106; x_wconf 93' lang='lat' dir='ltr'><strong>to,</strong></span> <span class='ocrx_word' id='word_1_254' title='bbox 1222 3037 1273 3093; x_wconf 91' lang='lat' dir='ltr'><strong>but</strong></span> <span class='ocrx_word' id='word_1_255' title='bbox 1293 3037 1318 3090; x_wconf 90' lang='lat' dir='ltr'><strong>if</strong></span> <span class='ocrx_word' id='word_1_256' title='bbox 1335 3035 1371 3092; x_wconf 90' lang='lat' dir='ltr'><strong>its</strong></span> 
     </span>
     <span class='ocr_line' id='line_1_27' title="bbox 218 3119 1372 3192; baseline 0.001 -19"><span class='ocrx_word' id='word_1_257' title='bbox 218 3129 335 3174; x_wconf 84' lang='lat' dir='ltr'><strong>amount</strong></span> <span class='ocrx_word' id='word_1_258' title='bbox 357 3119 381 3174; x_wconf 91' lang='lat' dir='ltr'><strong>is</strong></span> <span class='ocrx_word' id='word_1_259' title='bbox 403 3120 507 3190; x_wconf 87' lang='lat' dir='ltr'><strong>clearly</strong></span> <span class='ocrx_word' id='word_1_260' title='bbox 528 3119 664 3190; x_wconf 89' lang='lat' dir='ltr'><strong>specified</strong></span> <span class='ocrx_word' id='word_1_261' title='bbox 686 3119 707 3176; x_wconf 93' lang='lat' dir='ltr'><strong>it</strong></span> <span class='ocrx_word' id='word_1_262' title='bbox 727 3137 781 3176; x_wconf 90' lang='lat' dir='ltr'><strong>can</strong></span> <span class='ocrx_word' id='word_1_263' title='bbox 802 3121 839 3176; x_wconf 90' lang='lat' dir='ltr'><strong>be</strong></span> <span class='ocrx_word' id='word_1_264' title='bbox 861 3120 991 3190; x_wconf 85' lang='lat' dir='ltr'><strong>claimed,</strong></span> <span class='ocrx_word' id='word_1_265' title='bbox 1014 3120 1053 3176; x_wconf 85' lang='lat' dir='ltr'><strong>‘si</strong></span> <span class='ocrx_word' id='word_1_266' title='bbox 1076 3120 1177 3176; x_wconf 89' lang='lat' dir='ltr'><strong>decem</strong></span> <span class='ocrx_word' id='word_1_267' title='bbox 1200 3137 1273 3192; x_wconf 90' lang='lat' dir='ltr'><strong>quae</strong></span> <span class='ocrx_word' id='word_1_268' title='bbox 1296 3119 1372 3175; x_wconf 89' lang='lat' dir='ltr'><strong>Titio</strong></span> 
     </span>
     <span class='ocr_line' id='line_1_28' title="bbox 219 3203 1371 3275; baseline 0 -17"><span class='ocrx_word' id='word_1_269' title='bbox 219 3203 311 3259; x_wconf 91' lang='lat' dir='ltr'><strong>debeo</strong></span> <span class='ocrx_word' id='word_1_270' title='bbox 332 3205 464 3273; x_wconf 90' lang='lat' dir='ltr'><strong>legavero</strong></span> <span class='ocrx_word' id='word_1_271' title='bbox 482 3220 536 3258; x_wconf 88' lang='lat' dir='ltr'><strong>nec</strong></span> <span class='ocrx_word' id='word_1_272' title='bbox 557 3203 710 3275; x_wconf 87' lang='lat' dir='ltr'><strong>quicquam</strong></span> <span class='ocrx_word' id='word_1_273' title='bbox 731 3204 862 3273; x_wconf 89' lang='lat' dir='ltr'><strong>debeam,</strong></span> <span class='ocrx_word' id='word_1_274' title='bbox 884 3203 957 3260; x_wconf 87' lang='lat' dir='ltr'><strong>falsa</strong></span> <span class='ocrx_word' id='word_1_275' title='bbox 979 3203 1186 3260; x_wconf 89' lang='lat' dir='ltr'><strong>demonstratio</strong></span> <span class='ocrx_word' id='word_1_276' title='bbox 1208 3204 1234 3274; x_wconf 50' lang='grc' dir='ltr'><strong>(ᾗ</strong></span> <span class='ocrx_word' id='word_1_277' title='bbox 1259 3219 1293 3272; x_wconf 92' lang='lat'><strong>30</strong></span> <span class='ocrx_word' id='word_1_278' title='bbox 1311 3203 1371 3271; x_wconf 92' lang='lat' dir='ltr'><strong>inf.)</strong></span> 
     </span>
     <span class='ocr_line' id='line_1_29' title="bbox 217 3287 1372 3358; baseline 0 -16"><span class='ocrx_word' id='word_1_279' title='bbox 217 3303 275 3342; x_wconf 86' lang='lat' dir='ltr'><strong>non</strong></span> <span class='ocrx_word' id='word_1_280' title='bbox 300 3287 411 3357; x_wconf 89' lang='lat' dir='ltr'><strong>perimit</strong></span> <span class='ocrx_word' id='word_1_281' title='bbox 433 3289 572 3358; x_wconf 83' lang='lat' dir='ltr'><strong>legatum’</strong></span> <span class='ocrx_word' id='word_1_282' title='bbox 596 3287 663 3358; x_wconf 88' lang='lat' dir='ltr'><strong>Dig.</strong></span> <span class='ocrx_word' id='word_1_283' title='bbox 682 3303 724 3358; x_wconf 87' lang='lat'><strong>30.</strong></span> <span class='ocrx_word' id='word_1_284' title='bbox 738 3301 780 3358; x_wconf 83' lang='lat'><strong>75.</strong></span> <span class='ocrx_word' id='word_1_285' title='bbox 797 3303 820 3358; x_wconf 94' lang='lat' dir='ltr'><strong>r,</strong></span> <span class='ocrx_word' id='word_1_286' title='bbox 839 3287 873 3343; x_wconf 89' lang='lat' dir='ltr'><strong>cf.</strong></span> <span class='ocrx_word' id='word_1_287' title='bbox 888 3287 955 3358; x_wconf 86' lang='lat' dir='ltr'><strong>Dig.</strong></span> <span class='ocrx_word' id='word_1_288' title='bbox 970 3301 1010 3356; x_wconf 85' lang='lat'><strong>31.</strong></span> <span class='ocrx_word' id='word_1_289' title='bbox 1025 3289 1068 3344; x_wconf 90' lang='lat'><strong>88.</strong></span> <span class='ocrx_word' id='word_1_290' title='bbox 1085 3303 1125 3357; x_wconf 82' lang='grc' dir='ltr'><strong>ιο,</strong></span> <span class='ocrx_word' id='word_1_291' title='bbox 1150 3289 1208 3342; x_wconf 90' lang='lat' dir='ltr'><strong>and</strong></span> <span class='ocrx_word' id='word_1_292' title='bbox 1231 3289 1280 3342; x_wconf 88' lang='lat' dir='ltr'><strong>the</strong></span> <span class='ocrx_word' id='word_1_293' title='bbox 1305 3297 1372 3342; x_wconf 88' lang='lat' dir='ltr'><strong>next</strong></span> 
     </span>
     <span class='ocr_line' id='line_1_30' title="bbox 218 3369 1372 3442; baseline -0.001 -17"><span class='ocrx_word' id='word_1_294' title='bbox 218 3369 326 3426; x_wconf 89' lang='lat' dir='ltr'><strong>section</strong></span> <span class='ocrx_word' id='word_1_295' title='bbox 339 3373 372 3426; x_wconf 93' lang='lat' dir='ltr'><strong>of</strong></span> <span class='ocrx_word' id='word_1_296' title='bbox 385 3372 442 3427; x_wconf 89' lang='lat' dir='ltr'><strong>this</strong></span> <span class='ocrx_word' id='word_1_297' title='bbox 455 3371 537 3428; x_wconf 89' lang='lat' dir='ltr'><strong>Title.</strong></span> <span class='ocrx_word' id='word_1_298' title='bbox 574 3373 637 3427; x_wconf 90' lang='lat' dir='ltr'><strong>The</strong></span> <span class='ocrx_word' id='word_1_299' title='bbox 655 3371 783 3428; x_wconf 89' lang='lat' dir='ltr'><strong>doctrine</strong></span> <span class='ocrx_word' id='word_1_300' title='bbox 802 3371 835 3427; x_wconf 92' lang='lat' dir='ltr'><strong>of</strong></span> <span class='ocrx_word' id='word_1_301' title='bbox 844 3371 983 3442; x_wconf 91' lang='lat' dir='ltr'><strong>Papinian</strong></span> <span class='ocrx_word' id='word_1_302' title='bbox 1001 3372 1068 3428; x_wconf 89' lang='lat' dir='ltr'><strong>here</strong></span> <span class='ocrx_word' id='word_1_303' title='bbox 1087 3372 1180 3427; x_wconf 88' lang='lat' dir='ltr'><strong>stated</strong></span> <span class='ocrx_word' id='word_1_304' title='bbox 1200 3371 1224 3425; x_wconf 92' lang='lat' dir='ltr'><strong>is</strong></span> <span class='ocrx_word' id='word_1_305' title='bbox 1243 3379 1292 3426; x_wconf 92' lang='lat' dir='ltr'><strong>not</strong></span> <span class='ocrx_word' id='word_1_306' title='bbox 1311 3369 1372 3426; x_wconf 92' lang='lat' dir='ltr'><strong>uni·</strong></span> 
     </span>
     <span class='ocr_line' id='line_1_31' title="bbox 218 3453 1370 3526; baseline 0 -18"><span class='ocrx_word' id='word_1_307' title='bbox 218 3455 338 3524; x_wconf 90' lang='lat' dir='ltr'><strong>versally</strong></span> <span class='ocrx_word' id='word_1_308' title='bbox 350 3455 517 3526; x_wconf 86' lang='lat' dir='ltr'><strong>recognised</strong></span> <span class='ocrx_word' id='word_1_309' title='bbox 535 3455 563 3510; x_wconf 90' lang='lat' dir='ltr'><strong>in</strong></span> <span class='ocrx_word' id='word_1_310' title='bbox 583 3455 632 3510; x_wconf 86' lang='lat' dir='ltr'><strong>the</strong></span> <span class='ocrx_word' id='word_1_311' title='bbox 652 3457 762 3526; x_wconf 91' lang='lat' dir='ltr'><strong>Corpus</strong></span> <span class='ocrx_word' id='word_1_312' title='bbox 777 3453 861 3524; x_wconf 89' lang='lat' dir='ltr'><strong>iuris;</strong></span> <span class='ocrx_word' id='word_1_313' title='bbox 878 3455 900 3510; x_wconf 89' lang='lat' dir='ltr'><strong>it</strong></span> <span class='ocrx_word' id='word_1_314' title='bbox 919 3454 943 3510; x_wconf 89' lang='lat' dir='ltr'><strong>is</strong></span> <span class='ocrx_word' id='word_1_315' title='bbox 962 3455 1118 3510; x_wconf 89' lang='lat' dir='ltr'><strong>confirmed</strong></span> <span class='ocrx_word' id='word_1_316' title='bbox 1136 3455 1174 3524; x_wconf 92' lang='lat' dir='ltr'><strong>by</strong></span> <span class='ocrx_word' id='word_1_317' title='bbox 1191 3453 1256 3524; x_wconf 89' lang='lat' dir='ltr'><strong>Dig.</strong></span> <span class='ocrx_word' id='word_1_318' title='bbox 1272 3466 1315 3524; x_wconf 84' lang='lat'><strong>50.</strong></span> <span class='ocrx_word' id='word_1_319' title='bbox 1331 3466 1370 3521; x_wconf 57' lang='lat'><strong>17,</strong></span> 
     </span>
     <span class='ocr_line' id='line_1_32' title="bbox 218 3537 1372 3610; baseline -0.002 -16"><span class='ocrx_word' id='word_1_320' title='bbox 218 3539 259 3608; x_wconf 83' lang='lat'><strong>85.</strong></span> <span class='ocrx_word' id='word_1_321' title='bbox 277 3553 299 3608; x_wconf 89' lang='lat'><strong>1,</strong></span> <span class='ocrx_word' id='word_1_322' title='bbox 316 3539 367 3594; x_wconf 92' lang='lat' dir='ltr'><strong>but</strong></span> <span class='ocrx_word' id='word_1_323' title='bbox 385 3538 410 3592; x_wconf 83' lang='lat' dir='ltr'><strong>is</strong></span> <span class='ocrx_word' id='word_1_324' title='bbox 431 3539 635 3609; x_wconf 87' lang='lat' dir='ltr'><strong>contradicted,</strong></span> <span class='ocrx_word' id='word_1_325' title='bbox 655 3538 684 3594; x_wconf 92' lang='lat' dir='ltr'><strong>in</strong></span> <span class='ocrx_word' id='word_1_326' title='bbox 703 3539 739 3595; x_wconf 89' lang='lat' dir='ltr'><strong>its</strong></span> <span class='ocrx_word' id='word_1_327' title='bbox 758 3539 874 3610; x_wconf 83' lang='lat' dir='ltr'><strong>general</strong></span> <span class='ocrx_word' id='word_1_328' title='bbox 892 3539 973 3609; x_wconf 89' lang='lat' dir='ltr'><strong>form,</strong></span> <span class='ocrx_word' id='word_1_329' title='bbox 992 3537 1021 3593; x_wconf 92' lang='lat' dir='ltr'><strong>in</strong></span> <span class='ocrx_word' id='word_1_330' title='bbox 1041 3538 1106 3609; x_wconf 89' lang='lat' dir='ltr'><strong>Dig.</strong></span> <span class='ocrx_word' id='word_1_331' title='bbox 1122 3551 1165 3607; x_wconf 85' lang='lat'><strong>34.</strong></span> <span class='ocrx_word' id='word_1_332' title='bbox 1178 3539 1204 3593; x_wconf 90' lang='grc'><strong>8.</strong></span> <span class='ocrx_word' id='word_1_333' title='bbox 1218 3553 1243 3608; x_wconf 87' lang='lat'><strong>3.</strong></span> <span class='ocrx_word' id='word_1_334' title='bbox 1258 3553 1273 3592; x_wconf 88' lang='lat'><em>2</em></span> <span class='ocrx_word' id='word_1_335' title='bbox 1287 3538 1372 3592; x_wconf 89' lang='lat' dir='ltr'><strong>‘nam</strong></span> 
     </span>
     <span class='ocr_line' id='line_1_33' title="bbox 218 3620 1371 3694; baseline 0 -18"><span class='ocrx_word' id='word_1_336' title='bbox 218 3620 335 3692; x_wconf 84' lang='lat' dir='ltr'><strong>quaein</strong></span> <span class='ocrx_word' id='word_1_337' title='bbox 353 3638 417 3677; x_wconf 89' lang='lat' dir='ltr'><strong>eam</strong></span> <span class='ocrx_word' id='word_1_338' title='bbox 433 3639 549 3678; x_wconf 87' lang='lat' dir='ltr'><strong>causam</strong></span> <span class='ocrx_word' id='word_1_339' title='bbox 566 3633 755 3693; x_wconf 90' lang='lat' dir='ltr'><strong>pervenerunt</strong></span> <span class='ocrx_word' id='word_1_340' title='bbox 774 3635 861 3694; x_wconf 80' lang='lat' dir='ltr'><strong>aqua</strong></span> <span class='ocrx_word' id='word_1_341' title='bbox 879 3621 1004 3692; x_wconf 87' lang='lat' dir='ltr'><strong>incipere</strong></span> <span class='ocrx_word' id='word_1_342' title='bbox 1021 3639 1079 3677; x_wconf 90' lang='lat' dir='ltr'><strong>non</strong></span> <span class='ocrx_word' id='word_1_343' title='bbox 1095 3632 1226 3693; x_wconf 90' lang='lat' dir='ltr'><strong>poterant</strong></span> <span class='ocrx_word' id='word_1_344' title='bbox 1244 3639 1295 3693; x_wconf 93' lang='lat' dir='ltr'><strong>pro</strong></span> <span class='ocrx_word' id='word_1_345' title='bbox 1314 3637 1371 3676; x_wconf 91' lang='lat' dir='ltr'><strong>non</strong></span> 
     </span>
     <span class='ocr_line' id='line_1_34' title="bbox 218 3704 1371 3778; baseline 0 -17"><span class='ocrx_word' id='word_1_346' title='bbox 218 3704 329 3776; x_wconf 84' lang='lat' dir='ltr'><strong>scriptis</strong></span> <span class='ocrx_word' id='word_1_347' title='bbox 350 3706 506 3776; x_wconf 80' lang='lat' dir='ltr'><strong>habentur,³</strong></span> <span class='ocrx_word' id='word_1_348' title='bbox 527 3705 585 3761; x_wconf 87' lang='lat' dir='ltr'><strong>and</strong></span> <span class='ocrx_word' id='word_1_349' title='bbox 607 3705 636 3761; x_wconf 93' lang='lat' dir='ltr'><strong>in</strong></span> <span class='ocrx_word' id='word_1_350' title='bbox 658 3707 693 3761; x_wconf 89' lang='lat' dir='ltr'><strong>its</strong></span> <span class='ocrx_word' id='word_1_351' title='bbox 715 3707 868 3777; x_wconf 80' lang='lat' dir='ltr'><strong>particular</strong></span> <span class='ocrx_word' id='word_1_352' title='bbox 887 3705 1060 3778; x_wconf 90' lang='lat' dir='ltr'><strong>application</strong></span> <span class='ocrx_word' id='word_1_353' title='bbox 1085 3705 1114 3760; x_wconf 90' lang='lat' dir='ltr'><strong>in</strong></span> <span class='ocrx_word' id='word_1_354' title='bbox 1138 3706 1202 3777; x_wconf 89' lang='lat' dir='ltr'><strong>Dig.</strong></span> <span class='ocrx_word' id='word_1_355' title='bbox 1218 3721 1259 3775; x_wconf 91' lang='lat'><strong>31.</strong></span> <span class='ocrx_word' id='word_1_356' title='bbox 1274 3707 1317 3762; x_wconf 88' lang='lat'><strong>82.</strong></span> <span class='ocrx_word' id='word_1_357' title='bbox 1330 3723 1371 3776; x_wconf 87' lang='lat' dir='ltr'><strong>pr.</strong></span> 
     </span>
     <span class='ocr_line' id='line_1_35' title="bbox 217 3787 1371 3862; baseline 0 -18"><span class='ocrx_word' id='word_1_358' title='bbox 217 3787 345 3858; x_wconf 86' lang='lat' dir='ltr'><strong>(Paulus)</strong></span> <span class='ocrx_word' id='word_1_359' title='bbox 373 3789 541 3844; x_wconf 90' lang='lat' dir='ltr'><strong>‘dicendum</strong></span> <span class='ocrx_word' id='word_1_360' title='bbox 566 3789 619 3844; x_wconf 92' lang='lat' dir='ltr'><strong>erit</strong></span> <span class='ocrx_word' id='word_1_361' title='bbox 647 3788 745 3845; x_wconf 90' lang='lat' dir='ltr'><strong>inutile</strong></span> <span class='ocrx_word' id='word_1_362' title='bbox 769 3787 842 3846; x_wconf 85' lang='lat' dir='ltr'><strong>effici</strong></span> <span class='ocrx_word' id='word_1_363' title='bbox 867 3791 1001 3860; x_wconf 86' lang='lat' dir='ltr'><strong>legatum,</strong></span> <span class='ocrx_word' id='word_1_364' title='bbox 1022 3807 1185 3862; x_wconf 89' lang='lat' dir='ltr'><strong>quanquam</strong></span> <span class='ocrx_word' id='word_1_365' title='bbox 1215 3789 1371 3846; x_wconf 86' lang='lat' dir='ltr'><strong>constiterit</strong></span> 
     </span>
     <span class='ocr_line' id='line_1_36' title="bbox 217 3872 1372 3944; baseline 0 -16"><span class='ocrx_word' id='word_1_366' title='bbox 217 3873 254 3928; x_wconf 89' lang='lat' dir='ltr'><strong>ab</strong></span> <span class='ocrx_word' id='word_1_367' title='bbox 273 3872 369 3928; x_wconf 76' lang='lat' dir='ltr'><strong>initio.¹</strong></span> <span class='ocrx_word' id='word_1_368' title='bbox 405 3875 463 3928; x_wconf 91' lang='lat' dir='ltr'><strong>For</strong></span> <span class='ocrx_word' id='word_1_369' title='bbox 480 3874 528 3928; x_wconf 91' lang='lat' dir='ltr'><strong>the</strong></span> <span class='ocrx_word' id='word_1_370' title='bbox 546 3872 687 3928; x_wconf 90' lang='lat' dir='ltr'><strong>technical</strong></span> <span class='ocrx_word' id='word_1_371' title='bbox 705 3874 840 3944; x_wconf 88' lang='lat' dir='ltr'><strong>meaning</strong></span> <span class='ocrx_word' id='word_1_372' title='bbox 856 3873 889 3928; x_wconf 89' lang='lat' dir='ltr'><strong>of</strong></span> <span class='ocrx_word' id='word_1_373' title='bbox 901 3873 962 3929; x_wconf 90' lang='lat' dir='ltr'><strong>dies</strong></span> <span class='ocrx_word' id='word_1_374' title='bbox 980 3873 1057 3930; x_wconf 89' lang='lat' dir='ltr'><strong>venit</strong></span> <span class='ocrx_word' id='word_1_375' title='bbox 1076 3872 1105 3928; x_wconf 90' lang='lat' dir='ltr'><strong>in</strong></span> <span class='ocrx_word' id='word_1_376' title='bbox 1124 3873 1292 3929; x_wconf 89' lang='lat' dir='ltr'><strong>connection</strong></span> <span class='ocrx_word' id='word_1_377' title='bbox 1305 3873 1372 3929; x_wconf 91' lang='lat' dir='ltr'><strong>with</strong></span> 
     </span>
     <span class='ocr_line' id='line_1_37' title="bbox 217 3954 640 4026; baseline -0.005 -14"><span class='ocrx_word' id='word_1_378' title='bbox 217 3955 390 4026; x_wconf 88' lang='lat' dir='ltr'><strong>obligations</strong></span> <span class='ocrx_word' id='word_1_379' title='bbox 403 3973 451 4012; x_wconf 90' lang='lat' dir='ltr'><strong>see</strong></span> <span class='ocrx_word' id='word_1_380' title='bbox 464 3973 502 4010; x_wconf 92' lang='lat' dir='ltr'><strong>on</strong></span> <span class='ocrx_word' id='word_1_381' title='bbox 517 3954 531 4026; x_wconf 67' lang='grc' dir='ltr'><strong>ξ</strong></span> <span class='ocrx_word' id='word_1_382' title='bbox 546 3971 582 4010; x_wconf 89' lang='lat'><strong>20</strong></span> <span class='ocrx_word' id='word_1_383' title='bbox 593 3955 640 4011; x_wconf 92' lang='lat' dir='ltr'><strong>inf.</strong></span> 
     </span>
     <span class='ocr_line' id='line_1_38' title="bbox 253 4039 1372 4112; baseline 0 -17"><span class='ocrx_word' id='word_1_384' title='bbox 253 4039 327 4112; x_wconf 68' lang='lat' dir='ltr'><strong>§lo</strong></span> <span class='ocrx_word' id='word_1_385' title='bbox 346 4043 409 4096; x_wconf 85' lang='lat' dir='ltr'><strong>The</strong></span> <span class='ocrx_word' id='word_1_386' title='bbox 428 4042 604 4111; x_wconf 87' lang='lat' dir='ltr'><strong>advantages</strong></span> <span class='ocrx_word' id='word_1_387' title='bbox 623 4041 656 4096; x_wconf 94' lang='lat' dir='ltr'><strong>of</strong></span> <span class='ocrx_word' id='word_1_388' title='bbox 670 4041 719 4096; x_wconf 88' lang='lat' dir='ltr'><strong>the</strong></span> <span class='ocrx_word' id='word_1_389' title='bbox 738 4039 833 4096; x_wconf 90' lang='lat' dir='ltr'><strong>action</strong></span> <span class='ocrx_word' id='word_1_390' title='bbox 851 4057 889 4096; x_wconf 89' lang='lat' dir='ltr'><strong>on</strong></span> <span class='ocrx_word' id='word_1_391' title='bbox 907 4042 957 4096; x_wconf 89' lang='lat' dir='ltr'><strong>the</strong></span> <span class='ocrx_word' id='word_1_392' title='bbox 976 4041 1076 4111; x_wconf 85' lang='lat' dir='ltr'><strong>legacy</strong></span> <span class='ocrx_word' id='word_1_393' title='bbox 1087 4057 1156 4095; x_wconf 91' lang='lat' dir='ltr'><strong>over</strong></span> <span class='ocrx_word' id='word_1_394' title='bbox 1174 4040 1223 4096; x_wconf 89' lang='lat' dir='ltr'><strong>the</strong></span> <span class='ocrx_word' id='word_1_395' title='bbox 1241 4039 1317 4095; x_wconf 89' lang='lat' dir='ltr'><strong>actio</strong></span> <span class='ocrx_word' id='word_1_396' title='bbox 1336 4039 1372 4095; x_wconf 91' lang='lat' dir='ltr'><strong>de</strong></span> 
     </span>
     <span class='ocr_line' id='line_1_39' title="bbox 216 4122 1372 4194; baseline -0.003 -15"><span class='ocrx_word' id='word_1_397' title='bbox 216 4123 284 4180; x_wconf 92' lang='lat' dir='ltr'><strong>dote</strong></span> <span class='ocrx_word' id='word_1_398' title='bbox 297 4143 369 4181; x_wconf 85' lang='lat' dir='ltr'><strong>were</strong></span> <span class='ocrx_word' id='word_1_399' title='bbox 382 4126 444 4181; x_wconf 91' lang='lat' dir='ltr'><strong>that</strong></span> <span class='ocrx_word' id='word_1_400' title='bbox 456 4127 505 4180; x_wconf 87' lang='lat' dir='ltr'><strong>the</strong></span> <span class='ocrx_word' id='word_1_401' title='bbox 518 4125 580 4180; x_wconf 88' lang='lat' dir='ltr'><strong>heir</strong></span> <span class='ocrx_word' id='word_1_402' title='bbox 591 4125 678 4180; x_wconf 90' lang='lat' dir='ltr'><strong>could</strong></span> <span class='ocrx_word' id='word_1_403' title='bbox 690 4134 740 4179; x_wconf 91' lang='lat' dir='ltr'><strong>not</strong></span> <span class='ocrx_word' id='word_1_404' title='bbox 753 4124 838 4180; x_wconf 87' lang='lat' dir='ltr'><strong>claim</strong></span> <span class='ocrx_word' id='word_1_405' title='bbox 851 4126 899 4180; x_wconf 90' lang='lat' dir='ltr'><strong>the</strong></span> <span class='ocrx_word' id='word_1_406' title='bbox 912 4134 1053 4194; x_wconf 87' lang='lat' dir='ltr'><strong>statutory</strong></span> <span class='ocrx_word' id='word_1_407' title='bbox 1065 4123 1184 4178; x_wconf 90' lang='lat' dir='ltr'><strong>interval</strong></span> <span class='ocrx_word' id='word_1_408' title='bbox 1196 4122 1229 4178; x_wconf 88' lang='lat' dir='ltr'><strong>of</strong></span> <span class='ocrx_word' id='word_1_409' title='bbox 1237 4139 1292 4177; x_wconf 89' lang='lat' dir='ltr'><strong>one</strong></span> <span class='ocrx_word' id='word_1_410' title='bbox 1304 4139 1372 4192; x_wconf 89' lang='lat' dir='ltr'><strong>year</strong></span> 
     </span>
     <span class='ocr_line' id='line_1_40' title="bbox 189 4204 1372 4278; baseline -0.004 -15"><span class='ocrx_word' id='word_1_411' title='bbox 189 4247 193 4254; x_wconf 84' lang='lat'>-</span> <span class='ocrx_word' id='word_1_412' title='bbox 216 4206 313 4264; x_wconf 83' lang='lat' dir='ltr'><strong>before</strong></span> <span class='ocrx_word' id='word_1_413' title='bbox 329 4208 498 4278; x_wconf 90' lang='lat' dir='ltr'><strong>restitution,</strong></span> <span class='ocrx_word' id='word_1_414' title='bbox 511 4206 603 4262; x_wconf 83' lang='lat' dir='ltr'><strong>which</strong></span> <span class='ocrx_word' id='word_1_415' title='bbox 616 4225 673 4263; x_wconf 88' lang='lat' dir='ltr'><strong>was</strong></span> <span class='ocrx_word' id='word_1_416' title='bbox 689 4207 808 4263; x_wconf 86' lang='lat' dir='ltr'><strong>allowed</strong></span> <span class='ocrx_word' id='word_1_417' title='bbox 827 4207 856 4263; x_wconf 92' lang='lat' dir='ltr'><strong>iu</strong></span> <span class='ocrx_word' id='word_1_418' title='bbox 875 4207 1009 4276; x_wconf 88' lang='lat' dir='ltr'><strong>ordinary</strong></span> <span class='ocrx_word' id='word_1_419' title='bbox 1021 4223 1102 4262; x_wconf 88' lang='lat' dir='ltr'><strong>cases</strong></span> <span class='ocrx_word' id='word_1_420' title='bbox 1116 4204 1372 4276; x_wconf 87' lang='lat' dir='ltr'><strong>(whichprobably</strong></span> 
     </span>
     <span class='ocr_line' id='line_1_41' title="bbox 215 4287 1371 4363; baseline -0.003 -17"><span class='ocrx_word' id='word_1_421' title='bbox 215 4290 242 4347; x_wconf 88' lang='lat' dir='ltr'><strong>is</strong></span> <span class='ocrx_word' id='word_1_422' title='bbox 262 4292 311 4347; x_wconf 88' lang='lat' dir='ltr'><strong>the</strong></span> <span class='ocrx_word' id='word_1_423' title='bbox 328 4292 508 4363; x_wconf 87' lang='lat' dir='ltr'><strong>explanation</strong></span> <span class='ocrx_word' id='word_1_424' title='bbox 526 4292 558 4347; x_wconf 92' lang='lat' dir='ltr'><strong>of</strong></span> <span class='ocrx_word' id='word_1_425' title='bbox 573 4291 768 4362; x_wconf 64' lang='lat' dir='ltr'><strong>‘praelegare’</strong></span> <span class='ocrx_word' id='word_1_426' title='bbox 786 4309 819 4346; x_wconf 90' lang='lat' dir='ltr'><strong>so</strong></span> <span class='ocrx_word' id='word_1_427' title='bbox 841 4307 973 4346; x_wconf 90' lang='lat' dir='ltr'><strong>common</strong></span> <span class='ocrx_word' id='word_1_428' title='bbox 992 4289 1021 4344; x_wconf 90' lang='lat' dir='ltr'><strong>in</strong></span> <span class='ocrx_word' id='word_1_429' title='bbox 1039 4289 1096 4345; x_wconf 86' lang='lat' dir='ltr'><strong>this</strong></span> <span class='ocrx_word' id='word_1_430' title='bbox 1114 4289 1187 4343; x_wconf 89' lang='lat' dir='ltr'><strong>form</strong></span> <span class='ocrx_word' id='word_1_431' title='bbox 1203 4287 1237 4344; x_wconf 96' lang='lat' dir='ltr'><strong>of</strong></span> <span class='ocrx_word' id='word_1_432' title='bbox 1251 4287 1371 4356; x_wconf 87' lang='lat' dir='ltr'><strong>legacy),</strong></span> 
     </span>
     <span class='ocr_line' id='line_1_42' title="bbox 218 4370 1371 4446; baseline -0.002 -17"><span class='ocrx_word' id='word_1_433' title='bbox 218 4373 285 4445; x_wconf 87' lang='lat' dir='ltr'><strong>Dig.</strong></span> <span class='ocrx_word' id='word_1_434' title='bbox 299 4389 340 4444; x_wconf 61' lang='lat'><strong>33</strong></span> <span class='ocrx_word' id='word_1_435' title='bbox 354 4391 380 4444; x_wconf 81' lang='lat'><em>4</em></span> <span class='ocrx_word' id='word_1_436' title='bbox 396 4391 419 4432; x_wconf 93' lang='lat'><strong>1.</strong></span> <span class='ocrx_word' id='word_1_437' title='bbox 432 4391 457 4446; x_wconf 86' lang='lat' dir='ltr'><strong>a,</strong></span> <span class='ocrx_word' id='word_1_438' title='bbox 470 4376 528 4431; x_wconf 88' lang='lat' dir='ltr'><strong>and</strong></span> <span class='ocrx_word' id='word_1_439' title='bbox 546 4377 608 4432; x_wconf 87' lang='lat' dir='ltr'><strong>that</strong></span> <span class='ocrx_word' id='word_1_440' title='bbox 627 4374 735 4431; x_wconf 88' lang='lat' dir='ltr'><strong>certain</strong></span> <span class='ocrx_word' id='word_1_441' title='bbox 752 4375 867 4431; x_wconf 85' lang='lat' dir='ltr'><strong>sets-off</strong></span> <span class='ocrx_word' id='word_1_442' title='bbox 879 4391 952 4432; x_wconf 88' lang='lat' dir='ltr'><strong>were</strong></span> <span class='ocrx_word' id='word_1_443' title='bbox 971 4372 1109 4430; x_wconf 85' lang='lat' dir='ltr'><strong>excluded</strong></span> <span class='ocrx_word' id='word_1_444' title='bbox 1124 4371 1216 4428; x_wconf 87' lang='lat' dir='ltr'><strong>which</strong></span> <span class='ocrx_word' id='word_1_445' title='bbox 1234 4370 1318 4428; x_wconf 89' lang='lat' dir='ltr'><strong>could</strong></span> <span class='ocrx_word' id='word_1_446' title='bbox 1334 4371 1371 4427; x_wconf 89' lang='lat' dir='ltr'><strong>be</strong></span> 
     </span>
     <span class='ocr_line' id='line_1_43' title="bbox 217 4458 808 4530; baseline 0.005 -18"><span class='ocrx_word' id='word_1_447' title='bbox 217 4459 339 4529; x_wconf 87' lang='lat' dir='ltr'><strong>pleaded</strong></span> <span class='ocrx_word' id='word_1_448' title='bbox 352 4459 381 4515; x_wconf 91' lang='lat' dir='ltr'><strong>in</strong></span> <span class='ocrx_word' id='word_1_449' title='bbox 393 4461 442 4516; x_wconf 82' lang='lat' dir='ltr'><strong>the</strong></span> <span class='ocrx_word' id='word_1_450' title='bbox 455 4459 559 4530; x_wconf 86' lang='lat' dir='ltr'><strong>action,</strong></span> <span class='ocrx_word' id='word_1_451' title='bbox 574 4458 640 4530; x_wconf 85' lang='lat' dir='ltr'><strong>Dig.</strong></span> <span class='ocrx_word' id='word_1_452' title='bbox 653 4474 697 4530; x_wconf 88' lang='lat'><strong>3¹·</strong></span> <span class='ocrx_word' id='word_1_453' title='bbox 710 4459 753 4516; x_wconf 81' lang='lat'><strong>82.</strong></span> <span class='ocrx_word' id='word_1_454' title='bbox 765 4475 808 4530; x_wconf 91' lang='lat' dir='ltr'><strong>pr.</strong></span> 
     </span>
    </p>
   </div>
   <div class='ocr_carea' id='block_1_4' title="bbox 0 0 1592 5022">
    <p class='ocr_par' dir='ltr' id='par_1_4' title="bbox 0 0 1592 5022">
     <span class='ocr_line' id='line_1_44' title="bbox 0 0 1592 5022; baseline 0 0"><span class='ocrx_word' id='word_1_455' title='bbox 0 0 1592 5022; x_wconf 95' lang='lat' dir='ltr'><strong> </strong></span> 
     </span>
    </p>
   </div>
  </div>
 </body>
</html>
