3166 5022
191 263 241 312 m.
255 258 307 324 η]
381 257 538 329 oureus
559 258 654 313 noni
670 257 754 312 EST
773 256 1036 326 PERMISSUM,
1058 257 1150 311 arc.
1283 266 1345 334 243

192 423 273 485 dam
296 421 391 505 quasi
422 422 600 487 castrensia
626 422 790 486 dederunt
820 422 958 506 peculia,
981 442 1122 506 quorum
1145 421 1344 506 quibusdam

191 528 391 609 permissum
408 536 478 590 erat
499 527 600 590 etiarn
622 527 655 590 in
676 535 845 610 potestate
868 528 1067 611 degentibus
1087 528 1211 591 testari.
1255 527 1345 610 quod

192 639 307 694 nostra
331 630 526 696 constitutio
549 630 648 696 latius
671 631 857 694 extendens
879 632 1030 714 permisit
1055 631 1210 695 omnibus
1236 631 1270 694 in
1294 631 1346 694 his

192 735 429 798 tantummodo
445 735 582 817 peculiis
597 734 712 798 testari
726 735 873 818 quidem,
884 737 942 800 sed
959 735 1028 798 iure
1043 734 1229 799 communi:
1254 733 1347 798 cuius

192 837 438 900 constitutionis
456 848 570 902 tenore
592 847 765 922 perspecto
788 837 920 902 licentia
944 849 996 904 est
1021 837 1102 902 nihil
1127 857 1347 920 eorumquae

192 940 237 1003 ad
253 939 440 1023 praelatum
456 941 507 1004 ius
522 943 689 1024 pertinent
704 941 864 1024 ignorare.

731 1173 813 1238 XII.

260 1348 399 1412 QUIBUS
422 1349 501 1400 NON
519 1348 587 1400 EST
610 1349 827 1402 PERMISSUM
851 1349 1103 1402 TESTAMENTA
1126 1349 1280 1402 FACERE.

240 1497 319 1562 Non
336 1507 449 1564 tamen
464 1500 618 1564 omnibus
633 1499 710 1563 licet
728 1497 834 1562 lacere
849 1505 1097 1564 testamentum.
1129 1501 1242 1564 statim
1258 1499 1363 1578 enim,

195 1599 241 1680 hi,
264 1605 322 1684 qui
345 1603 454 1668 alieno
479 1603 539 1666 iuri
562 1603 702 1667 subiecti
726 1611 812 1676 sunt,
834 1604 1025 1667 testamenti
1048 1603 1189 1668 faciendi
1209 1605 1259 1667 ius
1279 1623 1346 1667 non

196 1705 332 1783 habent,
355 1708 440 1770 adeo
463 1707 598 1789 quidem
622 1715 668 1780 ut,
694 1705 845 1788 quamvis
874 1716 1029 1788 parentes
1058 1708 1105 1771 eis
1131 1707 1348 1790 permiserint,

197 1809 302 1874 nihilo
326 1812 432 1894 magis
462 1811 531 1874 iure
560 1811 674 1874 testari
708 1811 851 1893 possint:
886 1812 1038 1894 exceptis
1064 1811 1115 1875 his
1136 1833 1221 1894 quos
1244 1820 1345 1876 antea

198 1915 463 1978 enumeravimus
481 1923 514 1978 et
532 1915 708 1996 praecipue
731 1914 889 1978 militibus
909 1915 966 1997 qui
985 1915 1018 1978 in
1039 1925 1206 1998 potestate
1228 1935 1346 1997 paren·

197 2027 270 2082 tum
286 2029 372 2097 sunt,
387 2018 507 2101 quibus
522 2019 565 2082 de
579 2039 619 2082 eo
633 2019 725 2102 quod
741 2019 774 2082 in
790 2019 905 2083 castris
921 2019 1136 2102 adquisierint
1151 2020 1347 2101 permissum

198 2131 250 2185 est
265 2142 310 2186 ex
325 2123 615 2188 constitutionibus
633 2123 821 2206 principum
839 2131 1078 2186 testamentum
1096 2123 1212 2187 iacere.
1255 2122 1347 2205 quod

198 2227 334 2309 quidem
350 2227 444 2290 initio
459 2237 589 2291 tantum
613 2227 833 2292 militantibus
853 2227 970 2290 datum
994 2237 1045 2292 est
1060 2235 1130 2291 tam
1147 2248 1191 2290 ex
1206 2226 1348 2290 auctori-

198 2340 271 2394 tate
288 2333 355 2394 divi
377 2329 525 2413 Augusti
548 2352 649 2414 quam
673 2332 805 2396 Nervae
827 2350 888 2395 nec
911 2350 978 2394 non
1001 2333 1118 2414 optimi
1141 2329 1349 2414 imperatoris

199 2434 344 2514 Traiani,
353 2445 469 2518 postea
483 2456 561 2500 vero
575 2435 818 2518 subscriptione
832 2433 900 2499 divi
918 2435 1080 2500 Hadriani
1096 2435 1196 2500 etiam
1206 2435 1351 2498 dimissis

201 2539 327 2613 militia,
356 2539 389 2602 id
416 2549 466 2604 est
492 2540 666 2614 veteranis,
692 2559 885 2602 concessum
912 2547 971 2604 est.
1026 2539 1138 2622 itaque
1164 2539 1191 2602 si
1216 2539 1351 2621 quidem
1427 2581 1432 2592 ·

200 2640 339 2706 iecerint
360 2644 403 2707 de
422 2644 582 2707 castrensi
605 2642 734 2725 peculio
756 2651 1004 2718 testamentum,
1027 2641 1205 2724 pertinebit
1227 2640 1289 2706 hoc
1307 2643 1352 2706 ad

202 2767 279 2810 eum
299 2768 399 2830 quem
421 2747 578 2811 heredem
602 2746 810 2830 reliquerint:
837 2747 864 2810 si
883 2767 961 2810 vero
984 2747 1131 2810 intestati
1154 2747 1352 2812 decesserint

202 2850 301 2914 nullis
327 2851 437 2916 liberis
460 2851 514 2916 vel
540 2851 695 2916 fratribus
718 2852 958 2934 superstitibus,
983 2851 1028 2916 ad
1054 2860 1208 2934 parentes
1237 2871 1351 2916 eorum

202 2954 272 3018 iure
288 2955 455 3019 communi
474 2955 662 3038 pertinebit.
706 2975 750 3018 ex
771 2953 834 3020 hoc
852 2954 1042 3038 intellegere
1062 2975 1246 3038 possumus,
1261 2956 1352 3038 quod

202 3058 238 3120 in
252 3059 368 3122 castris
385 3059 578 3142 adquisierit
600 3057 705 3134 miles,
728 3060 785 3141 qui
810 3060 843 3122 in
866 3067 1032 3142 potestate
1052 3061 1156 3141 patris
1171 3068 1230 3138 est,
1247 3079 1354 3142 neque

202 3161 313 3244 ipsum
325 3171 456 3244 patrem
467 3165 613 3228 adimere
629 3183 726 3245 posse
742 3184 849 3246 neque
864 3163 967 3245 patris
978 3164 1156 3227 creditores
1166 3163 1199 3226 id
1212 3164 1354 3227 vendere

202 3265 257 3330 vel
281 3265 377 3330 aliter
400 3267 584 3350 inquietare
606 3287 714 3349 neque
736 3277 831 3349 patre
852 3277 984 3331 mortuo
1007 3287 1083 3331 curn
1107 3265 1261 3329 fratribus
1282 3285 1355 3329 esse

204 3389 389 3448 commune,
410 3371 469 3435 sed
491 3370 614 3435 scilicet
636 3372 804 3453 proprium
828 3371 898 3435 eius
920 3391 992 3434 esse
1013 3369 1047 3433 id
1069 3371 1159 3453 quod
1182 3369 1216 3432 in
1240 3369 1354 3434 castris

204 3473 404 3556 adquisierit,
427 3495 631 3557 quamquam
663 3475 733 3538 iure
766 3475 852 3539 civili
877 3475 1026 3539 omnium
1052 3475 1109 3557 qui
1132 3475 1166 3538 in
1188 3481 1356 3556 potestate

205 3587 379 3660 parentum
394 3589 472 3642 sunt
487 3577 616 3660 peculia
633 3579 770 3662 perinde
793 3580 827 3642 in
852 3579 948 3642 bonis
967 3587 1141 3661 parentum
1160 3587 1356 3660 computan-

205 3691 267 3769 tur,
288 3681 355 3746 acsi
376 3702 544 3746 servorum
563 3682 692 3764 peculia
714 3683 864 3746 inbonis
887 3683 1098 3748 dominorum
1121 3692 1354 3747 numerantur:

205 3787 357 3867 exceptis
370 3786 524 3852 videlicet
539 3785 599 3862 his,
616 3807 702 3869 quae
725 3808 770 3851 ex
791 3789 890 3851 sacris
906 3787 1196 3853 constitutionibus
1211 3797 1245 3852 et
1261 3807 1356 3870 prae-

206 3891 302 3972 cipue
315 3891 433 3954 nostris
448 3899 583 3973 propter
596 3891 742 3955 diversas
757 3911 873 3956 causas
889 3912 955 3955 non
971 3893 1196 3974 adquiruntur.
1227 3902 1358 3974 praeter

205 3993 267 4057 hos
283 3993 392 4075 igitur,
406 3995 463 4076 qui
482 4003 646 4057 castrense
668 3993 833 4076 peculium
853 3993 907 4059 vel
927 3997 1021 4078 quasi
1040 4003 1206 4059 castrense
1221 3993 1355 4068 habent,

207 4098 318 4180 siquis
333 4096 416 4160 alius
432 4095 518 4160 filius
533 4096 674 4161 familias
689 4107 927 4162 testamentum
942 4097 1064 4175 lecerit,
1080 4097 1194 4160 inutile
1210 4105 1269 4175 est,
1280 4097 1358 4160 licet

242 4303 305 4356 Ἧι.
316 4303 391 4356 ΧΠ,
412 4301 451 4356 So
463 4301 505 4356 far
517 4319 549 4357 as
558 4303 759 4358 commercium
772 4302 796 4357 is
808 4319 845 4357 an
858 4301 980 4357 clement
994 4299 1022 4355 in
1035 4301 1084 4356 the
1096 4299 1226 4370 capacity
1233 4309 1263 4355 to
1273 4301 1357 4357 make

209 4401 228 4440 a
239 4383 316 4440 valid
328 4384 383 4440 will
403 4384 576 4456 (testamenti
594 4385 680 4442 factio
699 4384 803 4453 activa)
821 4385 842 4441 ir
859 4402 917 4442 was
937 4385 1049 4460 (except
1067 4381 1096 4440 iu
1111 4385 1160 4441 the
1177 4401 1243 4441 case
1262 4385 1295 4440 os
1309 4387 1358 4442 tbe

752 4487 812 4540 Ra
