<?xml version="1.0" encoding="UTF-8"?>
<!DOCTYPE html PUBLIC "-//W3C//DTD XHTML 1.0 Transitional//EN"
    "http://www.w3.org/TR/xhtml1/DTD/xhtml1-transitional.dtd">
<html xmlns="http://www.w3.org/1999/xhtml" xml:lang="en" lang="en">
 <head>
  <title>
</title>
<meta http-equiv="Content-Type" content="text/html;charset=utf-8" />
  <meta name='ocr-system' content='tesseract 3.04.00' />
  <meta name='ocr-capabilities' content='ocr_page ocr_carea ocr_par ocr_line ocrx_word'/>
</head>
<body>
  <div class='ocr_page' id='page_1' title='image "./imperatorisiust00moylgoog_0462.png"; bbox 0 0 3148 5024; ppageno 0'>
   <div class='ocr_carea' id='block_1_1' title="bbox 178 311 1325 390">
    <p class='ocr_par' dir='ltr' id='par_1_1' title="bbox 178 311 1325 390">
     <span class='ocr_line' id='line_1_1' title="bbox 178 311 1325 390; baseline 0.003 -22"><span class='ocrx_word' id='word_1_1' title='bbox 178 319 227 368; x_wconf 79' lang='lat' dir='ltr'>m.</span> <span class='ocrx_word' id='word_1_2' title='bbox 242 313 293 382; x_wconf 55' lang='grc' dir='ltr'>η]</span> <span class='ocrx_word' id='word_1_3' title='bbox 359 311 516 384; x_wconf 70' lang='lat' dir='ltr'>oureus</span> <span class='ocrx_word' id='word_1_4' title='bbox 536 311 674 368; x_wconf 79' lang='lat' dir='ltr'>woors</span> <span class='ocrx_word' id='word_1_5' title='bbox 696 311 924 368; x_wconf 68' lang='lat' dir='ltr'>oarronrro</span> <span class='ocrx_word' id='word_1_6' title='bbox 948 312 1164 374; x_wconf 71' lang='lat' dir='ltr'>rotamur.</span> <span class='ocrx_word' id='word_1_7' title='bbox 1261 319 1325 390; x_wconf 87' lang='lat'>447</span> 
     </span>
    </p>
   </div>
   <div class='ocr_carea' id='block_1_2' title="bbox 177 476 1357 1392">
    <p class='ocr_par' dir='ltr' id='par_1_2' title="bbox 177 476 1357 1392">
     <span class='ocr_line' id='line_1_2' title="bbox 177 476 1326 559; baseline 0.002 -17"><span class='ocrx_word' id='word_1_8' title='bbox 177 497 317 556; x_wconf 90' lang='lat' dir='ltr'>servum,</span> <span class='ocrx_word' id='word_1_9' title='bbox 333 476 365 540; x_wconf 95' lang='lat' dir='ltr'>in</span> <span class='ocrx_word' id='word_1_10' title='bbox 388 497 456 559; x_wconf 93' lang='lat' dir='ltr'>quo</span> <span class='ocrx_word' id='word_1_11' title='bbox 479 496 574 540; x_wconf 94' lang='lat' dir='ltr'>usum</span> <span class='ocrx_word' id='word_1_12' title='bbox 597 476 738 540; x_wconf 84' lang='lat' dir='ltr'>fructum</span> <span class='ocrx_word' id='word_1_13' title='bbox 757 477 811 542; x_wconf 86' lang='lat' dir='ltr'>vel</span> <span class='ocrx_word' id='word_1_14' title='bbox 834 497 930 542; x_wconf 91' lang='lat' dir='ltr'>usum</span> <span class='ocrx_word' id='word_1_15' title='bbox 952 478 1095 556; x_wconf 88' lang='lat' dir='ltr'>habetis,</span> <span class='ocrx_word' id='word_1_16' title='bbox 1111 480 1263 544; x_wconf 90' lang='lat' dir='ltr'>similiter</span> <span class='ocrx_word' id='word_1_17' title='bbox 1282 503 1326 546; x_wconf 83' lang='lat' dir='ltr'>ex</span> 
     </span>
     <span class='ocr_line' id='line_1_3' title="bbox 177 579 1357 667; baseline 0.003 -22"><span class='ocrx_word' id='word_1_18' title='bbox 177 582 307 646; x_wconf 91' lang='lat' dir='ltr'>duabus</span> <span class='ocrx_word' id='word_1_19' title='bbox 323 579 394 644; x_wconf 91' lang='lat' dir='ltr'>istis</span> <span class='ocrx_word' id='word_1_20' title='bbox 409 581 515 644; x_wconf 88' lang='lat' dir='ltr'>causis</span> <span class='ocrx_word' id='word_1_21' title='bbox 529 581 623 644; x_wconf 91' lang='lat' dir='ltr'>vobis</span> <span class='ocrx_word' id='word_1_22' title='bbox 640 581 830 664; x_wconf 82' lang='lat' dir='ltr'>adquiritur.</span> <span class='ocrx_word' id='word_1_23' title='bbox 877 581 1098 647; x_wconf 86' lang='lat' dir='ltr'>Communem</span> <span class='ocrx_word' id='word_1_24' title='bbox 1120 603 1251 647; x_wconf 91' lang='lat' dir='ltr'>servum</span> <span class='ocrx_word' id='word_1_25' title='bbox 1266 605 1357 667; x_wconf 85' lang='lat' dir='ltr'>pro3</span> 
     </span>
     <span class='ocr_line' id='line_1_4' title="bbox 177 683 1326 770; baseline 0.003 -22"><span class='ocrx_word' id='word_1_26' title='bbox 177 685 344 749; x_wconf 92' lang='lat' dir='ltr'>dominica</span> <span class='ocrx_word' id='word_1_27' title='bbox 369 693 464 766; x_wconf 92' lang='lat' dir='ltr'>parte</span> <span class='ocrx_word' id='word_1_28' title='bbox 494 683 636 748; x_wconf 92' lang='lat' dir='ltr'>dominis</span> <span class='ocrx_word' id='word_1_29' title='bbox 662 685 834 767; x_wconf 87' lang='lat' dir='ltr'>adquirere</span> <span class='ocrx_word' id='word_1_30' title='bbox 860 695 986 752; x_wconf 92' lang='lat' dir='ltr'>certum</span> <span class='ocrx_word' id='word_1_31' title='bbox 1014 697 1073 762; x_wconf 83' lang='lat' dir='ltr'>est,</span> <span class='ocrx_word' id='word_1_32' title='bbox 1101 697 1245 770; x_wconf 90' lang='lat' dir='ltr'>excepto</span> <span class='ocrx_word' id='word_1_33' title='bbox 1276 709 1326 766; x_wconf 90' lang='lat' dir='ltr'>eo,</span> 
     </span>
     <span class='ocr_line' id='line_1_5' title="bbox 178 788 1326 874; baseline 0.003 -21"><span class='ocrx_word' id='word_1_34' title='bbox 178 790 268 872; x_wconf 91' lang='lat' dir='ltr'>quod</span> <span class='ocrx_word' id='word_1_35' title='bbox 300 789 355 851; x_wconf 95' lang='lat' dir='ltr'>uni</span> <span class='ocrx_word' id='word_1_36' title='bbox 387 788 584 852; x_wconf 90' lang='lat' dir='ltr'>nominatim</span> <span class='ocrx_word' id='word_1_37' title='bbox 617 789 806 872; x_wconf 87' lang='lat' dir='ltr'>stipulando</span> <span class='ocrx_word' id='word_1_38' title='bbox 836 800 895 855; x_wconf 92' lang='lat' dir='ltr'>aut</span> <span class='ocrx_word' id='word_1_39' title='bbox 919 812 978 874; x_wconf 92' lang='lat' dir='ltr'>per</span> <span class='ocrx_word' id='word_1_40' title='bbox 1003 791 1215 856; x_wconf 84' lang='lat' dir='ltr'>traditionem</span> <span class='ocrx_word' id='word_1_41' title='bbox 1242 793 1326 856; x_wconf 88' lang='lat' dir='ltr'>acci-</span> 
     </span>
     <span class='ocr_line' id='line_1_6' title="bbox 177 891 1327 976; baseline 0.006 -22"><span class='ocrx_word' id='word_1_42' title='bbox 177 893 301 974; x_wconf 91' lang='lat' dir='ltr'>piendo</span> <span class='ocrx_word' id='word_1_43' title='bbox 331 891 378 956; x_wconf 94' lang='lat' dir='ltr'>illi</span> <span class='ocrx_word' id='word_1_44' title='bbox 403 891 464 955; x_wconf 90' lang='lat' dir='ltr'>soli</span> <span class='ocrx_word' id='word_1_45' title='bbox 494 892 647 976; x_wconf 89' lang='lat' dir='ltr'>adquirit,</span> <span class='ocrx_word' id='word_1_46' title='bbox 674 892 787 971; x_wconf 88' lang='lat' dir='ltr'>veluti,</span> <span class='ocrx_word' id='word_1_47' title='bbox 814 914 890 958; x_wconf 93' lang='lat' dir='ltr'>cum</span> <span class='ocrx_word' id='word_1_48' title='bbox 921 895 967 958; x_wconf 88' lang='lat' dir='ltr'>ita</span> <span class='ocrx_word' id='word_1_49' title='bbox 993 894 1188 976; x_wconf 86' lang='lat' dir='ltr'>stipuletur:</span> <span class='ocrx_word' id='word_1_50' title='bbox 1218 895 1327 961; x_wconf 89' lang='lat' dir='ltr'>‘Titio</span> 
     </span>
     <span class='ocr_line' id='line_1_7' title="bbox 177 993 1328 1079; baseline 0.003 -19"><span class='ocrx_word' id='word_1_51' title='bbox 177 996 314 1060; x_wconf 91' lang='lat' dir='ltr'>domino</span> <span class='ocrx_word' id='word_1_52' title='bbox 330 1016 405 1059; x_wconf 91' lang='lat' dir='ltr'>meo</span> <span class='ocrx_word' id='word_1_53' title='bbox 421 996 500 1060; x_wconf 92' lang='lat' dir='ltr'>dare</span> <span class='ocrx_word' id='word_1_54' title='bbox 513 993 697 1079; x_wconf 89' lang='lat' dir='ltr'>spondes?’</span> <span class='ocrx_word' id='word_1_55' title='bbox 721 999 780 1063; x_wconf 87' lang='lat' dir='ltr'>sed</span> <span class='ocrx_word' id='word_1_56' title='bbox 797 1000 823 1064; x_wconf 93' lang='lat' dir='ltr'>si</span> <span class='ocrx_word' id='word_1_57' title='bbox 841 1001 935 1062; x_wconf 90' lang='lat' dir='ltr'>unius</span> <span class='ocrx_word' id='word_1_58' title='bbox 958 999 1083 1062; x_wconf 92' lang='lat' dir='ltr'>domini</span> <span class='ocrx_word' id='word_1_59' title='bbox 1104 1001 1192 1063; x_wconf 92' lang='lat' dir='ltr'>iussu</span> <span class='ocrx_word' id='word_1_60' title='bbox 1216 1019 1328 1064; x_wconf 87' lang='lat' dir='ltr'>servus</span> 
     </span>
     <span class='ocr_line' id='line_1_8' title="bbox 177 1098 1327 1185; baseline 0.004 -24"><span class='ocrx_word' id='word_1_61' title='bbox 177 1098 274 1162; x_wconf 84' lang='lat' dir='ltr'>fuerit</span> <span class='ocrx_word' id='word_1_62' title='bbox 296 1098 482 1182; x_wconf 91' lang='lat' dir='ltr'>stipulatus,</span> <span class='ocrx_word' id='word_1_63' title='bbox 499 1099 576 1164; x_wconf 91' lang='lat' dir='ltr'>licet</span> <span class='ocrx_word' id='word_1_64' title='bbox 596 1110 696 1165; x_wconf 90' lang='lat' dir='ltr'>antea</span> <span class='ocrx_word' id='word_1_65' title='bbox 716 1103 938 1180; x_wconf 89' lang='lat' dir='ltr'>dubitabatur,</span> <span class='ocrx_word' id='word_1_66' title='bbox 953 1111 1066 1166; x_wconf 93' lang='lat' dir='ltr'>tamen</span> <span class='ocrx_word' id='word_1_67' title='bbox 1088 1113 1164 1185; x_wconf 89' lang='lat' dir='ltr'>post</span> <span class='ocrx_word' id='word_1_68' title='bbox 1181 1111 1327 1166; x_wconf 91' lang='lat' dir='ltr'>nostram</span> 
     </span>
     <span class='ocr_line' id='line_1_9' title="bbox 177 1203 1324 1291; baseline 0.003 -24"><span class='ocrx_word' id='word_1_69' title='bbox 177 1203 376 1267; x_wconf 90' lang='lat' dir='ltr'>decisionem</span> <span class='ocrx_word' id='word_1_70' title='bbox 400 1224 451 1267; x_wconf 90' lang='lat' dir='ltr'>res</span> <span class='ocrx_word' id='word_1_71' title='bbox 467 1205 625 1288; x_wconf 86' lang='lat' dir='ltr'>expedita</span> <span class='ocrx_word' id='word_1_72' title='bbox 643 1217 702 1286; x_wconf 90' lang='lat' dir='ltr'>est,</span> <span class='ocrx_word' id='word_1_73' title='bbox 718 1217 755 1272; x_wconf 90' lang='lat' dir='ltr'>ut</span> <span class='ocrx_word' id='word_1_74' title='bbox 778 1207 824 1270; x_wconf 95' lang='lat' dir='ltr'>illi</span> <span class='ocrx_word' id='word_1_75' title='bbox 847 1217 978 1272; x_wconf 89' lang='lat' dir='ltr'>tantum</span> <span class='ocrx_word' id='word_1_76' title='bbox 1001 1207 1161 1291; x_wconf 87' lang='lat' dir='ltr'>adquirat,</span> <span class='ocrx_word' id='word_1_77' title='bbox 1181 1208 1236 1290; x_wconf 91' lang='lat' dir='ltr'>qui</span> <span class='ocrx_word' id='word_1_78' title='bbox 1260 1206 1324 1271; x_wconf 93' lang='lat' dir='ltr'>hoc</span> 
     </span>
     <span class='ocr_line' id='line_1_10' title="bbox 179 1306 837 1392; baseline 0.003 -20"><span class='ocrx_word' id='word_1_79' title='bbox 179 1307 209 1372; x_wconf 89' lang='lat' dir='ltr'>ei</span> <span class='ocrx_word' id='word_1_80' title='bbox 224 1306 332 1372; x_wconf 87' lang='lat' dir='ltr'>iacere</span> <span class='ocrx_word' id='word_1_81' title='bbox 348 1308 450 1388; x_wconf 87' lang='lat' dir='ltr'>iussit,</span> <span class='ocrx_word' id='word_1_82' title='bbox 466 1317 503 1374; x_wconf 90' lang='lat' dir='ltr'>ut</span> <span class='ocrx_word' id='word_1_83' title='bbox 519 1329 617 1392; x_wconf 90' lang='lat' dir='ltr'>supra</span> <span class='ocrx_word' id='word_1_84' title='bbox 633 1311 760 1376; x_wconf 92' lang='lat' dir='ltr'>dictum</span> <span class='ocrx_word' id='word_1_85' title='bbox 778 1322 837 1378; x_wconf 89' lang='lat' dir='ltr'>est.</span> 
     </span>
    </p>
   </div>
   <div class='ocr_carea' id='block_1_3' title="bbox 691 1553 824 1620">
    <p class='ocr_par' dir='ltr' id='par_1_3' title="bbox 691 1553 824 1620">
     <span class='ocr_line' id='line_1_11' title="bbox 691 1553 824 1620; baseline 0.023 -3"><span class='ocrx_word' id='word_1_86' title='bbox 691 1553 824 1620; x_wconf 92' lang='lat' dir='ltr'><strong>XXIX.</strong></span> 
     </span>
    </p>
   </div>
   <div class='ocr_carea' id='block_1_4' title="bbox 390 1727 1113 1792">
    <p class='ocr_par' dir='ltr' id='par_1_4' title="bbox 390 1727 1113 1792">
     <span class='ocr_line' id='line_1_12' title="bbox 390 1727 1113 1792; baseline 0.003 -12"><span class='ocrx_word' id='word_1_87' title='bbox 390 1727 526 1792; x_wconf 90' lang='lat' dir='ltr'>QUIBUS</span> <span class='ocrx_word' id='word_1_88' title='bbox 551 1729 666 1781; x_wconf 87' lang='lat' dir='ltr'>MODIS</span> <span class='ocrx_word' id='word_1_89' title='bbox 689 1729 890 1780; x_wconf 87' lang='lat' dir='ltr'>OBLIGATIO</span> <span class='ocrx_word' id='word_1_90' title='bbox 915 1731 1113 1784; x_wconf 87' lang='lat' dir='ltr'>TOLLlTUR.</span> 
     </span>
    </p>
   </div>
   <div class='ocr_carea' id='block_1_5' title="bbox 181 1877 1330 2174">
    <p class='ocr_par' dir='ltr' id='par_1_5' title="bbox 181 1877 1330 2174">
     <span class='ocr_line' id='line_1_13' title="bbox 225 1877 1328 1964; baseline 0.006 -23"><span class='ocrx_word' id='word_1_91' title='bbox 225 1877 367 1943; x_wconf 91' lang='lat' dir='ltr'>Tollitur</span> <span class='ocrx_word' id='word_1_92' title='bbox 382 1889 494 1943; x_wconf 93' lang='lat' dir='ltr'>autem</span> <span class='ocrx_word' id='word_1_93' title='bbox 510 1879 616 1944; x_wconf 91' lang='lat' dir='ltr'>omnis</span> <span class='ocrx_word' id='word_1_94' title='bbox 632 1881 792 1964; x_wconf 85' lang='lat' dir='ltr'>obligatio</span> <span class='ocrx_word' id='word_1_95' title='bbox 811 1879 974 1946; x_wconf 90' lang='lat' dir='ltr'>solutione</span> <span class='ocrx_word' id='word_1_96' title='bbox 991 1883 1059 1946; x_wconf 91' lang='lat' dir='ltr'>eius</span> <span class='ocrx_word' id='word_1_97' title='bbox 1076 1883 1164 1964; x_wconf 94' lang='lat' dir='ltr'>quod</span> <span class='ocrx_word' id='word_1_98' title='bbox 1181 1883 1328 1960; x_wconf 83' lang='lat' dir='ltr'>debetur,</span> 
     </span>
     <span class='ocr_line' id='line_1_14' title="bbox 181 1983 1330 2076; baseline 0.004 -29"><span class='ocrx_word' id='word_1_99' title='bbox 181 1983 233 2047; x_wconf 91' lang='lat' dir='ltr'>vel</span> <span class='ocrx_word' id='word_1_100' title='bbox 249 1984 275 2046; x_wconf 93' lang='lat' dir='ltr'>si</span> <span class='ocrx_word' id='word_1_101' title='bbox 292 1985 365 2066; x_wconf 89' lang='lat' dir='ltr'>quis</span> <span class='ocrx_word' id='word_1_102' title='bbox 385 1985 612 2048; x_wconf 89' lang='lat' dir='ltr'>consentiente</span> <span class='ocrx_word' id='word_1_103' title='bbox 634 1985 795 2076; x_wconf 87' lang='lat' dir='ltr'>creditore</span> <span class='ocrx_word' id='word_1_104' title='bbox 814 1985 904 2049; x_wconf 94' lang='lat' dir='ltr'>aliud</span> <span class='ocrx_word' id='word_1_105' title='bbox 923 2007 983 2068; x_wconf 94' lang='lat' dir='ltr'>pro</span> <span class='ocrx_word' id='word_1_106' title='bbox 1001 1986 1067 2050; x_wconf 88' lang='lat' dir='ltr'>alio</span> <span class='ocrx_word' id='word_1_107' title='bbox 1088 1985 1229 2051; x_wconf 90' lang='lat' dir='ltr'>solverit.</span> <span class='ocrx_word' id='word_1_108' title='bbox 1268 2009 1330 2052; x_wconf 89' lang='lat' dir='ltr'>nec</span> 
     </span>
     <span class='ocr_line' id='line_1_15' title="bbox 181 2089 1330 2174; baseline 0.003 -22"><span class='ocrx_word' id='word_1_109' title='bbox 181 2095 294 2152; x_wconf 91' lang='lat' dir='ltr'>tamen</span> <span class='ocrx_word' id='word_1_110' title='bbox 310 2089 454 2167; x_wconf 90' lang='lat' dir='ltr'>interest,</span> <span class='ocrx_word' id='word_1_111' title='bbox 470 2089 543 2171; x_wconf 92' lang='lat' dir='ltr'>quis</span> <span class='ocrx_word' id='word_1_112' title='bbox 559 2089 675 2164; x_wconf 89' lang='lat' dir='ltr'>solvat,</span> <span class='ocrx_word' id='word_1_113' title='bbox 691 2101 802 2154; x_wconf 88' lang='lat' dir='ltr'>utrum</span> <span class='ocrx_word' id='word_1_114' title='bbox 824 2091 894 2173; x_wconf 92' lang='lat' dir='ltr'>ipse</span> <span class='ocrx_word' id='word_1_115' title='bbox 911 2091 967 2172; x_wconf 94' lang='lat' dir='ltr'>qui</span> <span class='ocrx_word' id='word_1_116' title='bbox 991 2091 1091 2154; x_wconf 91' lang='lat' dir='ltr'>debet</span> <span class='ocrx_word' id='word_1_117' title='bbox 1112 2113 1153 2154; x_wconf 90' lang='lat' dir='ltr'>an</span> <span class='ocrx_word' id='word_1_118' title='bbox 1170 2092 1254 2155; x_wconf 91' lang='lat' dir='ltr'>alius</span> <span class='ocrx_word' id='word_1_119' title='bbox 1270 2113 1330 2174; x_wconf 89' lang='lat' dir='ltr'>pro</span> 
     </span>
    </p>
   </div>
   <div class='ocr_carea' id='block_1_6' title="bbox 182 2290 1338 4542">
    <p class='ocr_par' dir='ltr' id='par_1_6' title="bbox 182 2290 1337 3203">
     <span class='ocr_line' id='line_1_16' title="bbox 182 2290 1331 2364; baseline 0.003 -20"><span class='ocrx_word' id='word_1_120' title='bbox 182 2290 208 2345; x_wconf 90' lang='lat' dir='ltr'>ii.</span> <span class='ocrx_word' id='word_1_121' title='bbox 223 2306 247 2360; x_wconf 71' lang='lat' dir='ltr'>qt</span> <span class='ocrx_word' id='word_1_122' title='bbox 261 2305 286 2358; x_wconf 82' lang='lat'>4,</span> <span class='ocrx_word' id='word_1_123' title='bbox 300 2292 357 2346; x_wconf 89' lang='lat' dir='ltr'>and</span> <span class='ocrx_word' id='word_1_124' title='bbox 370 2293 445 2346; x_wconf 86' lang='lat' dir='ltr'>what</span> <span class='ocrx_word' id='word_1_125' title='bbox 463 2292 486 2346; x_wconf 91' lang='lat' dir='ltr'>is</span> <span class='ocrx_word' id='word_1_126' title='bbox 506 2291 568 2347; x_wconf 91' lang='lat' dir='ltr'>said</span> <span class='ocrx_word' id='word_1_127' title='bbox 587 2293 662 2360; x_wconf 89' lang='lat' dir='ltr'>here,</span> <span class='ocrx_word' id='word_1_128' title='bbox 676 2293 737 2346; x_wconf 86' lang='lat' dir='ltr'>that</span> <span class='ocrx_word' id='word_1_129' title='bbox 753 2292 789 2346; x_wconf 95' lang='lat' dir='ltr'>all</span> <span class='ocrx_word' id='word_1_130' title='bbox 806 2292 987 2346; x_wconf 92' lang='lat' dir='ltr'>commodum</span> <span class='ocrx_word' id='word_1_131' title='bbox 1001 2293 1107 2362; x_wconf 88' lang='lat' dir='ltr'>arising</span> <span class='ocrx_word' id='word_1_132' title='bbox 1119 2311 1153 2348; x_wconf 88' lang='lat' dir='ltr'>ex</span> <span class='ocrx_word' id='word_1_133' title='bbox 1165 2293 1258 2364; x_wconf 89' lang='lat' dir='ltr'>operis</span> <span class='ocrx_word' id='word_1_134' title='bbox 1272 2293 1331 2348; x_wconf 92' lang='lat' dir='ltr'>suis</span> 
     </span>
     <span class='ocr_line' id='line_1_17' title="bbox 182 2375 1331 2447; baseline 0.003 -18"><span class='ocrx_word' id='word_1_135' title='bbox 182 2391 298 2431; x_wconf 90' lang='lat' dir='ltr'>accrues</span> <span class='ocrx_word' id='word_1_136' title='bbox 317 2385 347 2429; x_wconf 88' lang='lat' dir='ltr'>to</span> <span class='ocrx_word' id='word_1_137' title='bbox 360 2377 409 2433; x_wconf 90' lang='lat' dir='ltr'>the</span> <span class='ocrx_word' id='word_1_138' title='bbox 421 2393 525 2446; x_wconf 87' lang='lat' dir='ltr'>person</span> <span class='ocrx_word' id='word_1_139' title='bbox 542 2375 651 2444; x_wconf 89' lang='lat' dir='ltr'>having</span> <span class='ocrx_word' id='word_1_140' title='bbox 663 2377 712 2430; x_wconf 91' lang='lat' dir='ltr'>the</span> <span class='ocrx_word' id='word_1_141' title='bbox 724 2393 783 2444; x_wconf 91' lang='lat' dir='ltr'>use,</span> <span class='ocrx_word' id='word_1_142' title='bbox 797 2393 889 2430; x_wconf 90' lang='lat' dir='ltr'>seems</span> <span class='ocrx_word' id='word_1_143' title='bbox 902 2375 1131 2432; x_wconf 87' lang='lat' dir='ltr'>irreconcileable</span> <span class='ocrx_word' id='word_1_144' title='bbox 1144 2377 1212 2433; x_wconf 91' lang='lat' dir='ltr'>with</span> <span class='ocrx_word' id='word_1_145' title='bbox 1226 2377 1291 2447; x_wconf 90' lang='lat' dir='ltr'>Dig.</span> <span class='ocrx_word' id='word_1_146' title='bbox 1306 2389 1331 2444; x_wconf 86' lang='lat'>7.</span> 
     </span>
     <span class='ocr_line' id='line_1_18' title="bbox 183 2458 1332 2531; baseline 0.001 -18"><span class='ocrx_word' id='word_1_147' title='bbox 183 2459 208 2513; x_wconf 91' lang='grc'>8.</span> <span class='ocrx_word' id='word_1_148' title='bbox 224 2472 264 2524; x_wconf 89' lang='lat'>14.</span> <span class='ocrx_word' id='word_1_149' title='bbox 277 2475 317 2528; x_wconf 88' lang='lat' dir='ltr'>pr.</span> <span class='ocrx_word' id='word_1_150' title='bbox 333 2458 398 2528; x_wconf 91' lang='lat' dir='ltr'>‘per</span> <span class='ocrx_word' id='word_1_151' title='bbox 411 2475 523 2513; x_wconf 91' lang='lat' dir='ltr'>servum</span> <span class='ocrx_word' id='word_1_152' title='bbox 537 2458 680 2513; x_wconf 90' lang='lat' dir='ltr'>usuarium</span> <span class='ocrx_word' id='word_1_153' title='bbox 693 2458 717 2512; x_wconf 92' lang='lat' dir='ltr'>si</span> <span class='ocrx_word' id='word_1_154' title='bbox 731 2458 848 2528; x_wconf 89' lang='lat' dir='ltr'>stipuler</span> <span class='ocrx_word' id='word_1_155' title='bbox 862 2460 906 2514; x_wconf 92' lang='lat' dir='ltr'>vel</span> <span class='ocrx_word' id='word_1_156' title='bbox 922 2475 974 2530; x_wconf 92' lang='lat' dir='ltr'>per</span> <span class='ocrx_word' id='word_1_157' title='bbox 989 2460 1170 2516; x_wconf 87' lang='lat' dir='ltr'>traditionem</span> <span class='ocrx_word' id='word_1_158' title='bbox 1184 2461 1332 2531; x_wconf 86' lang='lat' dir='ltr'>accipiam,</span> 
     </span>
     <span class='ocr_line' id='line_1_19' title="bbox 183 2540 1332 2616; baseline 0.003 -22"><span class='ocrx_word' id='word_1_159' title='bbox 183 2558 219 2595; x_wconf 87' lang='lat' dir='ltr'>an</span> <span class='ocrx_word' id='word_1_160' title='bbox 238 2540 395 2611; x_wconf 87' lang='lat' dir='ltr'>adquiram,</span> <span class='ocrx_word' id='word_1_161' title='bbox 414 2541 565 2612; x_wconf 90' lang='lat' dir='ltr'>quaeritur,</span> <span class='ocrx_word' id='word_1_162' title='bbox 585 2541 607 2596; x_wconf 92' lang='lat' dir='ltr'>si</span> <span class='ocrx_word' id='word_1_163' title='bbox 627 2559 661 2596; x_wconf 90' lang='lat' dir='ltr'>ex</span> <span class='ocrx_word' id='word_1_164' title='bbox 680 2559 710 2597; x_wconf 91' lang='lat' dir='ltr'>re</span> <span class='ocrx_word' id='word_1_165' title='bbox 729 2559 793 2597; x_wconf 88' lang='lat' dir='ltr'>mea</span> <span class='ocrx_word' id='word_1_166' title='bbox 811 2542 855 2596; x_wconf 92' lang='lat' dir='ltr'>vel</span> <span class='ocrx_word' id='word_1_167' title='bbox 875 2559 908 2597; x_wconf 87' lang='lat' dir='ltr'>ex</span> <span class='ocrx_word' id='word_1_168' title='bbox 928 2542 1020 2614; x_wconf 90' lang='lat' dir='ltr'>operis</span> <span class='ocrx_word' id='word_1_169' title='bbox 1039 2543 1108 2612; x_wconf 89' lang='lat' dir='ltr'>eius,</span> <span class='ocrx_word' id='word_1_170' title='bbox 1128 2544 1197 2599; x_wconf 92' lang='lat' dir='ltr'>etsi</span> <span class='ocrx_word' id='word_1_171' title='bbox 1217 2543 1332 2616; x_wconf 90' lang='lat' dir='ltr'>quidem</span> 
     </span>
     <span class='ocr_line' id='line_1_20' title="bbox 183 2628 1333 2703; baseline 0.003 -21"><span class='ocrx_word' id='word_1_172' title='bbox 183 2645 217 2683; x_wconf 87' lang='lat' dir='ltr'>ex</span> <span class='ocrx_word' id='word_1_173' title='bbox 235 2629 328 2698; x_wconf 89' lang='lat' dir='ltr'>operis</span> <span class='ocrx_word' id='word_1_174' title='bbox 348 2629 416 2698; x_wconf 91' lang='lat' dir='ltr'>eius,</span> <span class='ocrx_word' id='word_1_175' title='bbox 429 2646 486 2683; x_wconf 92' lang='lat' dir='ltr'>non</span> <span class='ocrx_word' id='word_1_176' title='bbox 499 2629 613 2698; x_wconf 85' lang='lat' dir='ltr'>valebit,</span> <span class='ocrx_word' id='word_1_177' title='bbox 626 2628 760 2700; x_wconf 89' lang='lat' dir='ltr'>quoniam</span> <span class='ocrx_word' id='word_1_178' title='bbox 779 2646 832 2684; x_wconf 90' lang='lat' dir='ltr'>nec</span> <span class='ocrx_word' id='word_1_179' title='bbox 850 2629 943 2686; x_wconf 91' lang='lat' dir='ltr'>locare</span> <span class='ocrx_word' id='word_1_180' title='bbox 962 2630 1022 2686; x_wconf 88' lang='lat' dir='ltr'>eius</span> <span class='ocrx_word' id='word_1_181' title='bbox 1041 2649 1141 2702; x_wconf 84' lang='lat' dir='ltr'>operas</span> <span class='ocrx_word' id='word_1_182' title='bbox 1160 2649 1333 2703; x_wconf 88' lang='lat' dir='ltr'>possumus;</span> 
     </span>
     <span class='ocr_line' id='line_1_21' title="bbox 183 2713 1332 2784; baseline 0.003 -17"><span class='ocrx_word' id='word_1_183' title='bbox 183 2713 234 2767; x_wconf 89' lang='lat' dir='ltr'>sed</span> <span class='ocrx_word' id='word_1_184' title='bbox 244 2713 267 2767; x_wconf 91' lang='lat' dir='ltr'>si</span> <span class='ocrx_word' id='word_1_185' title='bbox 276 2731 310 2768; x_wconf 89' lang='lat' dir='ltr'>ex</span> <span class='ocrx_word' id='word_1_186' title='bbox 319 2731 350 2768; x_wconf 91' lang='lat' dir='ltr'>re</span> <span class='ocrx_word' id='word_1_187' title='bbox 360 2730 433 2782; x_wconf 90' lang='lat' dir='ltr'>mea,</span> <span class='ocrx_word' id='word_1_188' title='bbox 441 2713 561 2768; x_wconf 91' lang='lat' dir='ltr'>dicimus</span> <span class='ocrx_word' id='word_1_189' title='bbox 571 2731 682 2769; x_wconf 89' lang='lat' dir='ltr'>servum</span> <span class='ocrx_word' id='word_1_190' title='bbox 692 2713 836 2768; x_wconf 88' lang='lat' dir='ltr'>usuarium</span> <span class='ocrx_word' id='word_1_191' title='bbox 845 2713 1027 2784; x_wconf 88' lang='lat' dir='ltr'>stipulantem</span> <span class='ocrx_word' id='word_1_192' title='bbox 1037 2717 1081 2770; x_wconf 93' lang='lat' dir='ltr'>vel</span> <span class='ocrx_word' id='word_1_193' title='bbox 1091 2732 1142 2784; x_wconf 89' lang='lat' dir='ltr'>per</span> <span class='ocrx_word' id='word_1_194' title='bbox 1150 2715 1332 2770; x_wconf 90' lang='lat' dir='ltr'>traditionem</span> 
     </span>
     <span class='ocr_line' id='line_1_22' title="bbox 184 2796 1332 2868; baseline 0.001 -16"><span class='ocrx_word' id='word_1_195' title='bbox 184 2796 370 2867; x_wconf 89' lang='lat' dir='ltr'>accipientem</span> <span class='ocrx_word' id='word_1_196' title='bbox 384 2797 453 2851; x_wconf 93' lang='lat' dir='ltr'>mihi</span> <span class='ocrx_word' id='word_1_197' title='bbox 467 2797 623 2868; x_wconf 88' lang='lat' dir='ltr'>adquirere,</span> <span class='ocrx_word' id='word_1_198' title='bbox 638 2815 702 2852; x_wconf 93' lang='lat' dir='ltr'>cum</span> <span class='ocrx_word' id='word_1_199' title='bbox 719 2798 774 2851; x_wconf 91' lang='lat' dir='ltr'>hac</span> <span class='ocrx_word' id='word_1_200' title='bbox 787 2814 873 2868; x_wconf 89' lang='lat' dir='ltr'>opera</span> <span class='ocrx_word' id='word_1_201' title='bbox 885 2797 946 2852; x_wconf 88' lang='lat' dir='ltr'>eius</span> <span class='ocrx_word' id='word_1_202' title='bbox 959 2801 1039 2854; x_wconf 68' lang='lat' dir='ltr'>utar!</span> <span class='ocrx_word' id='word_1_203' title='bbox 1075 2801 1137 2854; x_wconf 90' lang='lat' dir='ltr'>The</span> <span class='ocrx_word' id='word_1_204' title='bbox 1150 2801 1226 2854; x_wconf 92' lang='lat' dir='ltr'>truth</span> <span class='ocrx_word' id='word_1_205' title='bbox 1240 2817 1332 2853; x_wconf 91' lang='lat' dir='ltr'>seems</span> 
     </span>
     <span class='ocr_line' id='line_1_23' title="bbox 183 2879 1332 2951; baseline 0.001 -16"><span class='ocrx_word' id='word_1_206' title='bbox 183 2891 213 2936; x_wconf 88' lang='lat' dir='ltr'>to</span> <span class='ocrx_word' id='word_1_207' title='bbox 234 2881 271 2934; x_wconf 92' lang='lat' dir='ltr'>be</span> <span class='ocrx_word' id='word_1_208' title='bbox 291 2879 352 2935; x_wconf 93' lang='lat' dir='ltr'>that</span> <span class='ocrx_word' id='word_1_209' title='bbox 373 2882 421 2935; x_wconf 91' lang='lat' dir='ltr'>the</span> <span class='ocrx_word' id='word_1_210' title='bbox 443 2879 548 2935; x_wconf 87' lang='lat' dir='ltr'>benefrt</span> <span class='ocrx_word' id='word_1_211' title='bbox 567 2881 600 2934; x_wconf 83' lang='lat' dir='ltr'>of</span> <span class='ocrx_word' id='word_1_212' title='bbox 615 2898 671 2951; x_wconf 90' lang='lat' dir='ltr'>any</span> <span class='ocrx_word' id='word_1_213' title='bbox 690 2891 817 2936; x_wconf 90' lang='lat' dir='ltr'>contract</span> <span class='ocrx_word' id='word_1_214' title='bbox 836 2881 920 2936; x_wconf 89' lang='lat' dir='ltr'>made</span> <span class='ocrx_word' id='word_1_215' title='bbox 938 2882 976 2950; x_wconf 90' lang='lat' dir='ltr'>by</span> <span class='ocrx_word' id='word_1_216' title='bbox 995 2901 1012 2937; x_wconf 91' lang='lat' dir='ltr'>a</span> <span class='ocrx_word' id='word_1_217' title='bbox 1031 2884 1108 2938; x_wconf 92' lang='lat' dir='ltr'>slave</span> <span class='ocrx_word' id='word_1_218' title='bbox 1126 2901 1161 2938; x_wconf 91' lang='lat' dir='ltr'>ex</span> <span class='ocrx_word' id='word_1_219' title='bbox 1179 2901 1209 2938; x_wconf 93' lang='lat' dir='ltr'>re</span> <span class='ocrx_word' id='word_1_220' title='bbox 1228 2881 1332 2937; x_wconf 91' lang='lat' dir='ltr'>usuarii</span> 
     </span>
     <span class='ocr_line' id='line_1_24' title="bbox 184 2964 1337 3034; baseline 0.003 -16"><span class='ocrx_word' id='word_1_221' title='bbox 184 2965 282 3019; x_wconf 84' lang='lat' dir='ltr'>vested</span> <span class='ocrx_word' id='word_1_222' title='bbox 301 2964 330 3018; x_wconf 91' lang='lat' dir='ltr'>in</span> <span class='ocrx_word' id='word_1_223' title='bbox 349 2965 397 3019; x_wconf 90' lang='lat' dir='ltr'>the</span> <span class='ocrx_word' id='word_1_224' title='bbox 416 2965 507 3033; x_wconf 91' lang='lat' dir='ltr'>latter,</span> <span class='ocrx_word' id='word_1_225' title='bbox 521 2965 628 3034; x_wconf 85' lang='lat' dir='ltr'>though</span> <span class='ocrx_word' id='word_1_226' title='bbox 647 2967 684 3020; x_wconf 92' lang='lat' dir='ltr'>he</span> <span class='ocrx_word' id='word_1_227' title='bbox 703 2966 787 3020; x_wconf 90' lang='lat' dir='ltr'>could</span> <span class='ocrx_word' id='word_1_228' title='bbox 804 2976 854 3021; x_wconf 87' lang='lat' dir='ltr'>not</span> <span class='ocrx_word' id='word_1_229' title='bbox 866 2967 904 3021; x_wconf 91' lang='lat' dir='ltr'>let</span> <span class='ocrx_word' id='word_1_230' title='bbox 918 2977 965 3021; x_wconf 94' lang='lat' dir='ltr'>out</span> <span class='ocrx_word' id='word_1_231' title='bbox 979 2969 1027 3023; x_wconf 90' lang='lat' dir='ltr'>the</span> <span class='ocrx_word' id='word_1_232' title='bbox 1040 2970 1140 3022; x_wconf 85' lang='lat' dir='ltr'>slave&#39;s</span> <span class='ocrx_word' id='word_1_233' title='bbox 1153 2967 1294 3023; x_wconf 89' lang='lat' dir='ltr'>services:</span> <span class='ocrx_word' id='word_1_234' title='bbox 1313 2967 1337 3021; x_wconf 85' lang='lat' dir='ltr'>if</span> 
     </span>
     <span class='ocr_line' id='line_1_25' title="bbox 184 3049 1333 3122; baseline 0.004 -20"><span class='ocrx_word' id='word_1_235' title='bbox 184 3049 232 3102; x_wconf 90' lang='lat' dir='ltr'>the</span> <span class='ocrx_word' id='word_1_236' title='bbox 254 3049 337 3103; x_wconf 86' lang='lat' dir='ltr'>latter</span> <span class='ocrx_word' id='word_1_237' title='bbox 357 3050 396 3104; x_wconf 89' lang='lat' dir='ltr'>let</span> <span class='ocrx_word' id='word_1_238' title='bbox 418 3049 496 3103; x_wconf 91' lang='lat' dir='ltr'>them</span> <span class='ocrx_word' id='word_1_239' title='bbox 518 3059 566 3104; x_wconf 94' lang='lat' dir='ltr'>out</span> <span class='ocrx_word' id='word_1_240' title='bbox 588 3049 706 3103; x_wconf 82' lang='lat' dir='ltr'>himself</span> <span class='ocrx_word' id='word_1_241' title='bbox 726 3049 774 3104; x_wconf 89' lang='lat' dir='ltr'>the</span> <span class='ocrx_word' id='word_1_242' title='bbox 795 3063 904 3105; x_wconf 86' lang='lat' dir='ltr'>merces</span> <span class='ocrx_word' id='word_1_243' title='bbox 924 3052 1008 3105; x_wconf 91' lang='lat' dir='ltr'>could</span> <span class='ocrx_word' id='word_1_244' title='bbox 1027 3053 1063 3108; x_wconf 91' lang='lat' dir='ltr'>be</span> <span class='ocrx_word' id='word_1_245' title='bbox 1084 3051 1206 3106; x_wconf 89' lang='lat' dir='ltr'>claimed</span> <span class='ocrx_word' id='word_1_246' title='bbox 1226 3053 1265 3122; x_wconf 95' lang='lat' dir='ltr'>by</span> <span class='ocrx_word' id='word_1_247' title='bbox 1284 3052 1333 3107; x_wconf 90' lang='lat' dir='ltr'>the</span> 
     </span>
     <span class='ocr_line' id='line_1_26' title="bbox 183 3132 510 3203; baseline 0 -17"><span class='ocrx_word' id='word_1_248' title='bbox 183 3148 296 3202; x_wconf 87' lang='lat' dir='ltr'>usuary,</span> <span class='ocrx_word' id='word_1_249' title='bbox 310 3132 376 3203; x_wconf 89' lang='lat' dir='ltr'>Dig.</span> <span class='ocrx_word' id='word_1_250' title='bbox 391 3146 416 3200; x_wconf 88' lang='lat'>7.</span> <span class='ocrx_word' id='word_1_251' title='bbox 430 3133 454 3187; x_wconf 87' lang='lat'>8.</span> <span class='ocrx_word' id='word_1_252' title='bbox 471 3147 510 3200; x_wconf 91' lang='lat'>13.</span> 
     </span>
    </p>

    <p class='ocr_par' dir='ltr' id='par_1_7' title="bbox 221 3213 982 3288">
     <span class='ocr_line' id='line_1_27' title="bbox 221 3213 982 3288; baseline 0.004 -18"><span class='ocrx_word' id='word_1_253' title='bbox 221 3213 277 3286; x_wconf 64' lang='lat' dir='ltr'>§a</span> <span class='ocrx_word' id='word_1_254' title='bbox 297 3217 366 3271; x_wconf 85' lang='lat' dir='ltr'>Cod.</span> <span class='ocrx_word' id='word_1_255' title='bbox 380 3231 405 3283; x_wconf 83' lang='lat'><em>4</em></span> <span class='ocrx_word' id='word_1_256' title='bbox 420 3230 462 3284; x_wconf 86' lang='lat'>27.</span> <span class='ocrx_word' id='word_1_257' title='bbox 477 3231 510 3284; x_wconf 92' lang='lat'>3:</span> <span class='ocrx_word' id='word_1_258' title='bbox 531 3215 564 3270; x_wconf 86' lang='lat' dir='ltr'>ci.</span> <span class='ocrx_word' id='word_1_259' title='bbox 579 3215 633 3270; x_wconf 89' lang='lat' dir='ltr'>Tit.</span> <span class='ocrx_word' id='word_1_260' title='bbox 651 3228 689 3282; x_wconf 88' lang='lat'>17.</span> <span class='ocrx_word' id='word_1_261' title='bbox 705 3231 720 3284; x_wconf 84' lang='lat'><strong>3</strong></span> <span class='ocrx_word' id='word_1_262' title='bbox 734 3216 791 3270; x_wconf 88' lang='lat' dir='ltr'>and</span> <span class='ocrx_word' id='word_1_263' title='bbox 804 3225 894 3276; x_wconf 87' lang='lat' dir='ltr'>notes.</span> <span class='ocrx_word' id='word_1_264' title='bbox 908 3235 982 3288; x_wconf 92' lang='lat' dir='ltr'>supr.</span> 
     </span>
    </p>

    <p class='ocr_par' dir='ltr' id='par_1_8' title="bbox 185 3297 1338 4542">
     <span class='ocr_line' id='line_1_28' title="bbox 221 3297 1334 3371; baseline 0.002 -17"><span class='ocrx_word' id='word_1_265' title='bbox 221 3303 279 3354; x_wconf 72' lang='lat' dir='ltr'>att</span> <span class='ocrx_word' id='word_1_266' title='bbox 293 3303 414 3355; x_wconf 84' lang='lat' dir='ltr'><strong>XXIX.</strong></span> <span class='ocrx_word' id='word_1_267' title='bbox 434 3301 516 3354; x_wconf 84' lang='lat' dir='ltr'>After</span> <span class='ocrx_word' id='word_1_268' title='bbox 525 3297 687 3368; x_wconf 88' lang='lat' dir='ltr'>describing</span> <span class='ocrx_word' id='word_1_269' title='bbox 696 3299 760 3353; x_wconf 92' lang='lat' dir='ltr'>how</span> <span class='ocrx_word' id='word_1_270' title='bbox 772 3299 942 3369; x_wconf 88' lang='lat' dir='ltr'>obligations</span> <span class='ocrx_word' id='word_1_271' title='bbox 956 3319 1023 3371; x_wconf 90' lang='lat' dir='ltr'>may</span> <span class='ocrx_word' id='word_1_272' title='bbox 1035 3301 1108 3357; x_wconf 88' lang='lat' dir='ltr'>arise</span> <span class='ocrx_word' id='word_1_273' title='bbox 1121 3302 1193 3356; x_wconf 87' lang='lat' dir='ltr'>from</span> <span class='ocrx_word' id='word_1_274' title='bbox 1207 3312 1334 3357; x_wconf 86' lang='lat' dir='ltr'>contract</span> 
     </span>
     <span class='ocr_line' id='line_1_29' title="bbox 186 3382 1333 3455; baseline 0.003 -17"><span class='ocrx_word' id='word_1_275' title='bbox 186 3383 243 3438; x_wconf 90' lang='lat' dir='ltr'>and</span> <span class='ocrx_word' id='word_1_276' title='bbox 256 3384 486 3455; x_wconf 89' lang='lat' dir='ltr'>quasi-contract,</span> <span class='ocrx_word' id='word_1_277' title='bbox 499 3382 640 3454; x_wconf 89' lang='lat' dir='ltr'>Justinian</span> <span class='ocrx_word' id='word_1_278' title='bbox 654 3383 790 3452; x_wconf 90' lang='lat' dir='ltr'>proceeds</span> <span class='ocrx_word' id='word_1_279' title='bbox 803 3393 834 3437; x_wconf 93' lang='lat' dir='ltr'>to</span> <span class='ocrx_word' id='word_1_280' title='bbox 850 3385 927 3438; x_wconf 89' lang='lat' dir='ltr'>show</span> <span class='ocrx_word' id='word_1_281' title='bbox 939 3385 1003 3438; x_wconf 93' lang='lat' dir='ltr'>how</span> <span class='ocrx_word' id='word_1_282' title='bbox 1017 3387 1083 3454; x_wconf 87' lang='lat' dir='ltr'>they</span> <span class='ocrx_word' id='word_1_283' title='bbox 1096 3405 1143 3440; x_wconf 90' lang='lat' dir='ltr'>are</span> <span class='ocrx_word' id='word_1_284' title='bbox 1156 3385 1333 3455; x_wconf 88' lang='lat' dir='ltr'>discharged.</span> 
     </span>
     <span class='ocr_line' id='line_1_30' title="bbox 187 3457 1335 3541; baseline 0.003 -20"><span class='ocrx_word' id='word_1_285' title='bbox 187 3457 265 3523; x_wconf 88' lang='lat' dir='ltr'>llere</span> <span class='ocrx_word' id='word_1_286' title='bbox 285 3467 333 3523; x_wconf 92' lang='lat' dir='ltr'>the</span> <span class='ocrx_word' id='word_1_287' title='bbox 355 3469 504 3539; x_wconf 91' lang='lat' dir='ltr'>metaphor</span> <span class='ocrx_word' id='word_1_288' title='bbox 521 3467 560 3538; x_wconf 92' lang='lat' dir='ltr'>by</span> <span class='ocrx_word' id='word_1_289' title='bbox 578 3466 669 3521; x_wconf 89' lang='lat' dir='ltr'>which</span> <span class='ocrx_word' id='word_1_290' title='bbox 687 3467 761 3521; x_wconf 91' lang='lat' dir='ltr'>their</span> <span class='ocrx_word' id='word_1_291' title='bbox 779 3467 904 3522; x_wconf 89' lang='lat' dir='ltr'>creation</span> <span class='ocrx_word' id='word_1_292' title='bbox 923 3468 947 3523; x_wconf 90' lang='lat' dir='ltr'>is</span> <span class='ocrx_word' id='word_1_293' title='bbox 966 3485 999 3523; x_wconf 92' lang='lat' dir='ltr'>so</span> <span class='ocrx_word' id='word_1_294' title='bbox 1017 3469 1123 3539; x_wconf 90' lang='lat' dir='ltr'>vividly</span> <span class='ocrx_word' id='word_1_295' title='bbox 1140 3470 1292 3541; x_wconf 83' lang='lat' dir='ltr'>presented</span> <span class='ocrx_word' id='word_1_296' title='bbox 1311 3470 1335 3524; x_wconf 93' lang='lat' dir='ltr'>is</span> 
     </span>
     <span class='ocr_line' id='line_1_31' title="bbox 186 3549 1335 3622; baseline 0.001 -16"><span class='ocrx_word' id='word_1_297' title='bbox 186 3551 371 3622; x_wconf 91' lang='lat' dir='ltr'>consistently</span> <span class='ocrx_word' id='word_1_298' title='bbox 384 3552 537 3607; x_wconf 89' lang='lat' dir='ltr'>continued</span> <span class='ocrx_word' id='word_1_299' title='bbox 550 3570 556 3606; x_wconf 92' lang='lat'><strong>:</strong></span> <span class='ocrx_word' id='word_1_300' title='bbox 576 3569 613 3606; x_wconf 87' lang='lat' dir='ltr'>an</span> <span class='ocrx_word' id='word_1_301' title='bbox 631 3549 786 3620; x_wconf 89' lang='lat' dir='ltr'>obligation</span> <span class='ocrx_word' id='word_1_302' title='bbox 804 3550 828 3604; x_wconf 91' lang='lat' dir='ltr'>is</span> <span class='ocrx_word' id='word_1_303' title='bbox 842 3550 984 3606; x_wconf 90' lang='lat' dir='ltr'>dissolved</span> <span class='ocrx_word' id='word_1_304' title='bbox 997 3553 1036 3622; x_wconf 95' lang='lat' dir='ltr'>by</span> <span class='ocrx_word' id='word_1_305' title='bbox 1048 3554 1096 3609; x_wconf 90' lang='lat' dir='ltr'>the</span> <span class='ocrx_word' id='word_1_306' title='bbox 1109 3553 1227 3622; x_wconf 92' lang='lat' dir='ltr'>untying</span> <span class='ocrx_word' id='word_1_307' title='bbox 1240 3553 1272 3607; x_wconf 87' lang='lat' dir='ltr'>of</span> <span class='ocrx_word' id='word_1_308' title='bbox 1286 3553 1335 3608; x_wconf 91' lang='lat' dir='ltr'>the</span> 
     </span>
     <span class='ocr_line' id='line_1_32' title="bbox 185 3633 1336 3707; baseline 0.002 -19"><span class='ocrx_word' id='word_1_309' title='bbox 185 3635 255 3688; x_wconf 86' lang='lat' dir='ltr'>knot</span> <span class='ocrx_word' id='word_1_310' title='bbox 268 3637 307 3705; x_wconf 93' lang='lat' dir='ltr'>by</span> <span class='ocrx_word' id='word_1_311' title='bbox 319 3636 367 3690; x_wconf 92' lang='lat' dir='ltr'>the</span> <span class='ocrx_word' id='word_1_312' title='bbox 379 3635 459 3706; x_wconf 88' lang='lat' dir='ltr'>tying</span> <span class='ocrx_word' id='word_1_313' title='bbox 472 3636 503 3689; x_wconf 85' lang='lat' dir='ltr'>of</span> <span class='ocrx_word' id='word_1_314' title='bbox 519 3633 610 3690; x_wconf 89' lang='lat' dir='ltr'>which</span> <span class='ocrx_word' id='word_1_315' title='bbox 629 3633 650 3689; x_wconf 88' lang='lat' dir='ltr'>it</span> <span class='ocrx_word' id='word_1_316' title='bbox 669 3652 726 3690; x_wconf 89' lang='lat' dir='ltr'>was</span> <span class='ocrx_word' id='word_1_317' title='bbox 745 3633 883 3704; x_wconf 87' lang='lat' dir='ltr'>imposed‚</span> <span class='ocrx_word' id='word_1_318' title='bbox 898 3635 945 3690; x_wconf 92' lang='lat' dir='ltr'>the</span> <span class='ocrx_word' id='word_1_319' title='bbox 962 3637 1076 3705; x_wconf 88' lang='lat' dir='ltr'>general</span> <span class='ocrx_word' id='word_1_320' title='bbox 1095 3648 1166 3692; x_wconf 92' lang='lat' dir='ltr'>term</span> <span class='ocrx_word' id='word_1_321' title='bbox 1185 3635 1336 3707; x_wconf 90' lang='lat' dir='ltr'>employed</span> 
     </span>
     <span class='ocr_line' id='line_1_33' title="bbox 187 3717 1335 3791; baseline 0.004 -21"><span class='ocrx_word' id='word_1_322' title='bbox 187 3717 274 3788; x_wconf 85' lang='lat' dir='ltr'>being</span> <span class='ocrx_word' id='word_1_323' title='bbox 293 3719 409 3785; x_wconf 89' lang='lat' dir='ltr'>solvere,</span> <span class='ocrx_word' id='word_1_324' title='bbox 428 3718 457 3772; x_wconf 92' lang='lat' dir='ltr'>in</span> <span class='ocrx_word' id='word_1_325' title='bbox 476 3719 524 3773; x_wconf 93' lang='lat' dir='ltr'>the</span> <span class='ocrx_word' id='word_1_326' title='bbox 545 3735 628 3773; x_wconf 89' lang='lat' dir='ltr'>sense</span> <span class='ocrx_word' id='word_1_327' title='bbox 649 3717 681 3772; x_wconf 85' lang='lat' dir='ltr'>oi</span> <span class='ocrx_word' id='word_1_328' title='bbox 695 3717 806 3788; x_wconf 86' lang='lat' dir='ltr'>loosing</span> <span class='ocrx_word' id='word_1_329' title='bbox 824 3735 857 3772; x_wconf 94' lang='lat' dir='ltr'>or</span> <span class='ocrx_word' id='word_1_330' title='bbox 875 3719 1033 3791; x_wconf 85' lang='lat' dir='ltr'>releasing:</span> <span class='ocrx_word' id='word_1_331' title='bbox 1055 3721 1189 3776; x_wconf 89' lang='lat' dir='ltr'>‘solvisse</span> <span class='ocrx_word' id='word_1_332' title='bbox 1206 3720 1335 3791; x_wconf 87' lang='lat' dir='ltr'>accipere</span> 
     </span>
     <span class='ocr_line' id='line_1_34' title="bbox 189 3791 1337 3874; baseline 0.003 -20"><span class='ocrx_word' id='word_1_333' title='bbox 189 3799 326 3854; x_wconf 89' lang='lat' dir='ltr'>debemus</span> <span class='ocrx_word' id='word_1_334' title='bbox 350 3819 407 3855; x_wconf 93' lang='lat' dir='ltr'>non</span> <span class='ocrx_word' id='word_1_335' title='bbox 431 3812 542 3856; x_wconf 84' lang='lat' dir='ltr'>tantum</span> <span class='ocrx_word' id='word_1_336' title='bbox 558 3791 637 3870; x_wconf 82' lang='lat' dir='ltr'>eum,</span> <span class='ocrx_word' id='word_1_337' title='bbox 661 3801 707 3872; x_wconf 93' lang='lat' dir='ltr'>qui</span> <span class='ocrx_word' id='word_1_338' title='bbox 730 3803 821 3870; x_wconf 91' lang='lat' dir='ltr'>solvit,</span> <span class='ocrx_word' id='word_1_339' title='bbox 842 3819 938 3856; x_wconf 90' lang='lat' dir='ltr'>verum</span> <span class='ocrx_word' id='word_1_340' title='bbox 961 3819 1075 3858; x_wconf 90' lang='lat' dir='ltr'>omnem</span> <span class='ocrx_word' id='word_1_341' title='bbox 1097 3803 1213 3858; x_wconf 93' lang='lat' dir='ltr'>omnino</span> <span class='ocrx_word' id='word_1_342' title='bbox 1235 3805 1282 3874; x_wconf 94' lang='lat' dir='ltr'>qui</span> <span class='ocrx_word' id='word_1_343' title='bbox 1302 3819 1337 3858; x_wconf 90' lang='lat' dir='ltr'>ea</span> 
     </span>
     <span class='ocr_line' id='line_1_35' title="bbox 188 3883 1334 3957; baseline 0.002 -19"><span class='ocrx_word' id='word_1_344' title='bbox 188 3883 361 3952; x_wconf 90' lang='lat' dir='ltr'>obligatione</span> <span class='ocrx_word' id='word_1_345' title='bbox 373 3884 507 3940; x_wconf 88' lang='lat' dir='ltr'>liberatus</span> <span class='ocrx_word' id='word_1_346' title='bbox 520 3895 571 3954; x_wconf 91' lang='lat' dir='ltr'>est,</span> <span class='ocrx_word' id='word_1_347' title='bbox 586 3902 658 3957; x_wconf 88' lang='lat' dir='ltr'>quae</span> <span class='ocrx_word' id='word_1_348' title='bbox 671 3904 705 3940; x_wconf 87' lang='lat' dir='ltr'>ex</span> <span class='ocrx_word' id='word_1_349' title='bbox 719 3901 805 3940; x_wconf 91' lang='lat' dir='ltr'>causa</span> <span class='ocrx_word' id='word_1_350' title='bbox 821 3885 936 3940; x_wconf 90' lang='lat' dir='ltr'>iudicati</span> <span class='ocrx_word' id='word_1_351' title='bbox 954 3887 1116 3942; x_wconf 86' lang='lat' dir='ltr'>descendit&#39;</span> <span class='ocrx_word' id='word_1_352' title='bbox 1136 3888 1201 3957; x_wconf 89' lang='lat' dir='ltr'>Dig.</span> <span class='ocrx_word' id='word_1_353' title='bbox 1215 3902 1259 3956; x_wconf 62' lang='lat'>42,</span> <span class='ocrx_word' id='word_1_354' title='bbox 1276 3903 1296 3941; x_wconf 92' lang='lat'>1.</span> <span class='ocrx_word' id='word_1_355' title='bbox 1310 3901 1334 3952; x_wconf 78' lang='lat'><em>4</em></span> 
     </span>
     <span class='ocr_line' id='line_1_36' title="bbox 189 3965 1336 4041; baseline 0.002 -21"><span class='ocrx_word' id='word_1_356' title='bbox 189 3981 214 4036; x_wconf 91' lang='lat'>7,</span> <span class='ocrx_word' id='word_1_357' title='bbox 234 3965 360 4022; x_wconf 86' lang='lat' dir='ltr'>‘solvere</span> <span class='ocrx_word' id='word_1_358' title='bbox 379 3967 499 4022; x_wconf 91' lang='lat' dir='ltr'>dicimus</span> <span class='ocrx_word' id='word_1_359' title='bbox 524 3987 598 4037; x_wconf 92' lang='lat' dir='ltr'>eum,</span> <span class='ocrx_word' id='word_1_360' title='bbox 620 3969 667 4040; x_wconf 95' lang='lat' dir='ltr'>qui</span> <span class='ocrx_word' id='word_1_361' title='bbox 693 3969 721 4022; x_wconf 91' lang='lat' dir='ltr'>id</span> <span class='ocrx_word' id='word_1_362' title='bbox 748 3967 814 4024; x_wconf 85' lang='lat' dir='ltr'>iacit</span> <span class='ocrx_word' id='word_1_363' title='bbox 836 3971 912 4041; x_wconf 92' lang='lat' dir='ltr'>quod</span> <span class='ocrx_word' id='word_1_364' title='bbox 930 3969 1024 4025; x_wconf 84' lang='lat' dir='ltr'>facere</span> <span class='ocrx_word' id='word_1_365' title='bbox 1042 3971 1186 4040; x_wconf 87' lang='lat' dir='ltr'>promisit’</span> <span class='ocrx_word' id='word_1_366' title='bbox 1206 3971 1271 4038; x_wconf 91' lang='lat' dir='ltr'>Dig.</span> <span class='ocrx_word' id='word_1_367' title='bbox 1294 3981 1336 4038; x_wconf 83' lang='lat'>50.</span> 
     </span>
     <span class='ocr_line' id='line_1_37' title="bbox 192 4049 1336 4125; baseline 0.002 -20"><span class='ocrx_word' id='word_1_368' title='bbox 192 4051 232 4105; x_wconf 88' lang='lat'>16.</span> <span class='ocrx_word' id='word_1_369' title='bbox 255 4051 312 4120; x_wconf 87' lang='lat'>176,</span> <span class='ocrx_word' id='word_1_370' title='bbox 333 4049 495 4104; x_wconf 86' lang='lat' dir='ltr'>‘solutionis</span> <span class='ocrx_word' id='word_1_371' title='bbox 509 4053 637 4125; x_wconf 86' lang='lat' dir='ltr'>¹verbum</span> <span class='ocrx_word' id='word_1_372' title='bbox 659 4051 779 4122; x_wconf 89' lang='lat' dir='ltr'>pertinet</span> <span class='ocrx_word' id='word_1_373' title='bbox 804 4053 842 4107; x_wconf 89' lang='lat' dir='ltr'>ad</span> <span class='ocrx_word' id='word_1_374' title='bbox 867 4070 981 4107; x_wconf 90' lang='lat' dir='ltr'>omnem</span> <span class='ocrx_word' id='word_1_375' title='bbox 1006 4053 1203 4108; x_wconf 85' lang='lat' dir='ltr'>liberationem</span> <span class='ocrx_word' id='word_1_376' title='bbox 1222 4068 1336 4122; x_wconf 91' lang='lat' dir='ltr'>quoquo</span> 
     </span>
     <span class='ocr_line' id='line_1_38' title="bbox 188 4133 1336 4206; baseline -0.001 -17"><span class='ocrx_word' id='word_1_377' title='bbox 188 4133 275 4189; x_wconf 89' lang='lat' dir='ltr'>modo</span> <span class='ocrx_word' id='word_1_378' title='bbox 294 4134 407 4204; x_wconf 82' lang='lat' dir='ltr'>factam,</span> <span class='ocrx_word' id='word_1_379' title='bbox 426 4133 573 4203; x_wconf 87' lang='lat' dir='ltr'>magisque</span> <span class='ocrx_word' id='word_1_380' title='bbox 592 4135 629 4189; x_wconf 87' lang='lat' dir='ltr'>ad</span> <span class='ocrx_word' id='word_1_381' title='bbox 647 4135 836 4191; x_wconf 88' lang='lat' dir='ltr'>substantiam</span> <span class='ocrx_word' id='word_1_382' title='bbox 855 4136 1036 4206; x_wconf 89' lang='lat' dir='ltr'>obligationis</span> <span class='ocrx_word' id='word_1_383' title='bbox 1056 4137 1174 4191; x_wconf 79' lang='lat' dir='ltr'>refertur</span> <span class='ocrx_word' id='word_1_384' title='bbox 1195 4152 1280 4205; x_wconf 92' lang='lat' dir='ltr'>quam</span> <span class='ocrx_word' id='word_1_385' title='bbox 1300 4135 1336 4189; x_wconf 90' lang='lat' dir='ltr'>ad</span> 
     </span>
     <span class='ocr_line' id='line_1_39' title="bbox 188 4217 1336 4289; baseline 0 -16"><span class='ocrx_word' id='word_1_386' title='bbox 188 4235 369 4274; x_wconf 90' lang='lat' dir='ltr'>nummorum</span> <span class='ocrx_word' id='word_1_387' title='bbox 387 4217 572 4272; x_wconf 89' lang='lat' dir='ltr'>solutionem’</span> <span class='ocrx_word' id='word_1_388' title='bbox 592 4219 657 4289; x_wconf 91' lang='lat' dir='ltr'>Dig.</span> <span class='ocrx_word' id='word_1_389' title='bbox 677 4219 713 4275; x_wconf 91' lang='lat' dir='ltr'>ib.</span> <span class='ocrx_word' id='word_1_390' title='bbox 733 4233 775 4286; x_wconf 83' lang='lat'>47.</span> <span class='ocrx_word' id='word_1_391' title='bbox 815 4222 849 4274; x_wconf 94' lang='lat' dir='ltr'>ln</span> <span class='ocrx_word' id='word_1_392' title='bbox 868 4220 1036 4275; x_wconf 87' lang='lat' dir='ltr'>connection</span> <span class='ocrx_word' id='word_1_393' title='bbox 1056 4220 1122 4274; x_wconf 87' lang='lat' dir='ltr'>with</span> <span class='ocrx_word' id='word_1_394' title='bbox 1140 4220 1188 4274; x_wconf 92' lang='lat' dir='ltr'>the</span> <span class='ocrx_word' id='word_1_395' title='bbox 1208 4218 1336 4273; x_wconf 83' lang='lat' dir='ltr'>different</span> 
     </span>
     <span class='ocr_line' id='line_1_40' title="bbox 188 4301 1338 4372; baseline -0.002 -14"><span class='ocrx_word' id='word_1_396' title='bbox 188 4305 295 4358; x_wconf 88' lang='lat' dir='ltr'>classes</span> <span class='ocrx_word' id='word_1_397' title='bbox 308 4303 341 4358; x_wconf 86' lang='lat' dir='ltr'>oi</span> <span class='ocrx_word' id='word_1_398' title='bbox 355 4311 497 4357; x_wconf 87' lang='lat' dir='ltr'>contracts</span> <span class='ocrx_word' id='word_1_399' title='bbox 511 4301 614 4357; x_wconf 89' lang='lat' dir='ltr'>indeed</span> <span class='ocrx_word' id='word_1_400' title='bbox 626 4304 675 4358; x_wconf 91' lang='lat' dir='ltr'>the</span> <span class='ocrx_word' id='word_1_401' title='bbox 686 4302 783 4372; x_wconf 87' lang='lat' dir='ltr'>jurists</span> <span class='ocrx_word' id='word_1_402' title='bbox 799 4305 862 4358; x_wconf 92' lang='lat' dir='ltr'>love</span> <span class='ocrx_word' id='word_1_403' title='bbox 880 4303 929 4358; x_wconf 88' lang='lat' dir='ltr'>the</span> <span class='ocrx_word' id='word_1_404' title='bbox 942 4303 1060 4372; x_wconf 90' lang='lat' dir='ltr'>conceit,</span> <span class='ocrx_word' id='word_1_405' title='bbox 1075 4304 1135 4357; x_wconf 87' lang='lat' dir='ltr'>that</span> <span class='ocrx_word' id='word_1_406' title='bbox 1148 4312 1178 4357; x_wconf 87' lang='lat' dir='ltr'>to</span> <span class='ocrx_word' id='word_1_407' title='bbox 1191 4301 1239 4356; x_wconf 91' lang='lat' dir='ltr'>the</span> <span class='ocrx_word' id='word_1_408' title='bbox 1252 4317 1338 4356; x_wconf 89' lang='lat' dir='ltr'>causa</span> 
     </span>
     <span class='ocr_line' id='line_1_41' title="bbox 188 4385 1338 4456; baseline -0.001 -16"><span class='ocrx_word' id='word_1_409' title='bbox 188 4387 226 4456; x_wconf 93' lang='lat' dir='ltr'>by</span> <span class='ocrx_word' id='word_1_410' title='bbox 241 4387 331 4443; x_wconf 92' lang='lat' dir='ltr'>which</span> <span class='ocrx_word' id='word_1_411' title='bbox 343 4387 393 4442; x_wconf 91' lang='lat' dir='ltr'>the</span> <span class='ocrx_word' id='word_1_412' title='bbox 412 4385 548 4455; x_wconf 89' lang='lat' dir='ltr'>obligatio</span> <span class='ocrx_word' id='word_1_413' title='bbox 567 4386 590 4440; x_wconf 93' lang='lat' dir='ltr'>is</span> <span class='ocrx_word' id='word_1_414' title='bbox 609 4387 790 4456; x_wconf 87' lang='lat' dir='ltr'>engendered</span> <span class='ocrx_word' id='word_1_415' title='bbox 803 4386 832 4440; x_wconf 92' lang='lat' dir='ltr'>in</span> <span class='ocrx_word' id='word_1_416' title='bbox 844 4388 916 4442; x_wconf 88' lang='lat' dir='ltr'>each</span> <span class='ocrx_word' id='word_1_417' title='bbox 929 4387 962 4440; x_wconf 84' lang='lat' dir='ltr'>of</span> <span class='ocrx_word' id='word_1_418' title='bbox 970 4388 1048 4442; x_wconf 89' lang='lat' dir='ltr'>them</span> <span class='ocrx_word' id='word_1_419' title='bbox 1061 4385 1247 4456; x_wconf 87' lang='lat' dir='ltr'>respectively</span> <span class='ocrx_word' id='word_1_420' title='bbox 1258 4387 1338 4440; x_wconf 91' lang='lat' dir='ltr'>there</span> 
     </span>
     <span class='ocr_line' id='line_1_42' title="bbox 189 4468 1338 4542; baseline 0 -18"><span class='ocrx_word' id='word_1_421' title='bbox 189 4471 292 4526; x_wconf 89' lang='lat' dir='ltr'>should</span> <span class='ocrx_word' id='word_1_422' title='bbox 316 4473 353 4527; x_wconf 91' lang='lat' dir='ltr'>be</span> <span class='ocrx_word' id='word_1_423' title='bbox 378 4488 395 4526; x_wconf 90' lang='lat' dir='ltr'>a</span> <span class='ocrx_word' id='word_1_424' title='bbox 419 4469 572 4542; x_wconf 89' lang='lat' dir='ltr'>peculiarly</span> <span class='ocrx_word' id='word_1_425' title='bbox 597 4470 820 4541; x_wconf 91' lang='lat' dir='ltr'>corresponding</span> <span class='ocrx_word' id='word_1_426' title='bbox 849 4469 934 4526; x_wconf 91' lang='lat' dir='ltr'>mode</span> <span class='ocrx_word' id='word_1_427' title='bbox 959 4470 992 4524; x_wconf 87' lang='lat' dir='ltr'>os</span> <span class='ocrx_word' id='word_1_428' title='bbox 1012 4471 1140 4526; x_wconf 87' lang='lat' dir='ltr'>release:</span> <span class='ocrx_word' id='word_1_429' title='bbox 1168 4468 1255 4523; x_wconf 90' lang='lat' dir='ltr'>‘nihil</span> <span class='ocrx_word' id='word_1_430' title='bbox 1281 4477 1338 4524; x_wconf 85' lang='lat' dir='ltr'>tam</span> 
     </span>
    </p>
   </div>
   <div class='ocr_carea' id='block_1_7' title="bbox 0 0 1592 5024">
    <p class='ocr_par' dir='ltr' id='par_1_9' title="bbox 0 0 1592 5024">
     <span class='ocr_line' id='line_1_43' title="bbox 0 0 1592 5024; baseline 0 0"><span class='ocrx_word' id='word_1_431' title='bbox 0 0 1592 5024; x_wconf 95' lang='lat' dir='ltr'> </span> 
     </span>
    </p>
   </div>
  </div>
 </body>
</html>
