3112 5016
161 302 210 354 Tit.
219 295 253 364 7.]
267 295 381 368 QUOD
391 294 414 350 C
418 295 483 350 UM
487 294 543 350 Eo
554 294 631 366 QUI
636 293 856 352 INALIENA
867 297 951 353 POT
950 298 1035 354 EST
1032 299 1094 354 ΑΤ
1092 299 1226 370 E‚ETC.
1242 303 1305 375 557

162 460 287 524 tionem
317 459 558 536 accommodat,
582 479 668 542 quae
690 459 864 528 tributoria
882 463 1077 546 appellatur.
1134 465 1338 532 Praetereat

161 565 349 628 introducta
364 575 414 629 est
428 565 515 628 actio
530 565 573 628 de
593 565 723 648 peculio
744 567 852 650 deque
873 587 922 646 eo,
937 570 1027 651 quod
1049 570 1081 632 in
1098 589 1167 633 rem
1184 570 1309 634 domini

161 687 293 732 versum
322 669 392 747 erit,
424 678 472 743 ut,
502 669 652 752 quamvis
681 669 752 734 sine
780 670 949 737 voluntate
982 672 1108 736 domini
1139 674 1309 756 negotium

162 783 291 854 gestum
320 772 390 846 erit,
414 781 526 837 tamen
553 773 621 836 sive
644 774 724 856 quid
749 775 782 838 in
806 795 875 839 rem
901 777 970 840 eius
992 797 1122 842 versum
1146 775 1252 853 luerit,
1276 777 1310 841 id

162 884 270 940 totum
287 884 452 958 praestare
468 875 597 956 debeat,
613 877 681 942 sive
696 878 774 962 quid
796 881 921 944 nonsit
940 879 973 943 ln
994 901 1063 944 rem
1085 882 1154 945 eius
1168 900 1310 955 versum,

163 980 196 1044 id
220 990 356 1044 eatenus
379 990 545 1062 praestare
567 982 697 1060 debeat,
719 993 882 1065 quatenus
904 983 1069 1066 peculium
1093 985 1225 1067 patitur.
1272 984 1312 1046 In

164 1103 234 1147 rem
261 1095 374 1148 autem
400 1085 526 1149 domini
550 1106 681 1150 versum
707 1086 917 1168 intellegitur,
941 1087 1101 1170 quidquid
1128 1088 1312 1152 necessario

164 1187 197 1250 in
220 1207 290 1252 rem
314 1189 385 1252 eius
407 1188 605 1271 impenderit
628 1210 749 1269 servus,
770 1189 872 1256 veluti
895 1189 922 1253 si
945 1201 1115 1255 mutuatus
1138 1192 1312 1274 pecuniam

164 1291 378 1356 creditoribus
411 1291 480 1357 eius
509 1293 641 1358 solverit
670 1303 728 1357 aut
757 1293 907 1358 aedificia
942 1295 1071 1360 ruentia
1099 1294 1225 1360 fulserit
1255 1304 1314 1360 aut

162 1395 307 1460 familiae
329 1395 530 1460 frumentum
553 1399 669 1462 emerit
692 1397 745 1462 vel
771 1397 871 1462 etiam
894 1397 1032 1462 fundum
1048 1408 1105 1463 aut
1130 1398 1314 1482 quamlibet

164 1499 264 1564 aliam
280 1519 348 1564 rem
365 1502 579 1565 necessariam
596 1511 758 1566 mercatus
774 1502 843 1566 erit.
890 1502 1008 1584 Itaque
1027 1503 1053 1565 si
1074 1523 1119 1567 ex
1141 1503 1257 1566 decem
1276 1511 1314 1566 ut

166 1613 247 1686 puta
262 1604 377 1682 aureis,
392 1625 475 1686 quos
493 1625 605 1668 servus
620 1614 697 1670 tuus
712 1625 733 1669 a
748 1603 840 1669 Titio
856 1615 988 1670 mutuos
1008 1607 1144 1689 accepit,
1162 1605 1313 1670 creditori

167 1717 225 1772 tuo
252 1707 395 1790 quinque
419 1729 534 1772 aureos
558 1707 700 1788 solverit,
726 1709 870 1792 reliquos
895 1731 974 1774 vero
1000 1711 1144 1792 quinque
1166 1709 1315 1792 quolibet

166 1812 267 1876 modo
288 1813 535 1894 consumpserit,
549 1831 610 1894 pro
628 1814 773 1895 quinque
792 1811 927 1896 quidem
948 1814 981 1876 in
1002 1813 1143 1878 solidum
1164 1812 1314 1878 damnari

166 1916 278 1993 debes,
294 1936 354 1998 pro
377 1914 492 1979 ceteris
514 1935 592 1980 vero
614 1915 760 2000 quinque
784 1925 929 1995 eatenus,
945 1925 1107 1999 quatenus
1130 1917 1163 1980 in
1185 1915 1315 1999 peculio

167 2019 229 2084 sit:
253 2039 296 2083 ex
317 2039 383 2102 quo
404 2018 528 2084 scilicet
548 2029 695 2102 apparet,
711 2019 737 2083 si
759 2020 821 2083 toti
837 2019 951 2083 decem
971 2020 1060 2083 aurei
1081 2021 1114 2083 in
1136 2037 1206 2084 rem
1222 2029 1315 2084 tuam

167 2124 251 2187 versi
267 2121 395 2199 luerint,
411 2132 500 2188 totos
516 2123 632 2188 decem
647 2143 763 2188 aureos
781 2123 907 2187 Titium
923 2123 1078 2206 consequi
1094 2143 1200 2208 posse.
1237 2123 1316 2189 licet

170 2227 257 2291 enim
281 2247 345 2292 una
368 2237 419 2292 est
441 2229 536 2304 actio,
560 2249 627 2310 qua
652 2227 696 2292 de
718 2227 847 2310 peculio
873 2227 980 2310 deque
1005 2247 1045 2292 eo
1072 2229 1161 2310 quod
1189 2229 1222 2293 in
1247 2247 1316 2292 rem

169 2331 294 2396 domini
315 2352 444 2396 versum
464 2331 506 2395 sit
526 2334 642 2415 agitur,
657 2341 770 2396 tamen
791 2331 874 2396 duas
891 2331 994 2396 habet
1013 2331 1316 2396 condemnationes.

169 2435 282 2518 itaque
302 2435 412 2510 iudex,
429 2436 517 2519 apud
532 2455 632 2518 quem
653 2435 696 2500 de
717 2455 756 2499 ea
778 2435 908 2500 actione
925 2433 1041 2520 agitur,
1058 2445 1136 2502 ante
1158 2435 1318 2517 dispicere

170 2539 263 2618 solet,
288 2560 331 2603 an
357 2539 390 2602 in
420 2560 489 2603 rem
516 2540 641 2604 domini
670 2561 801 2604 versum
831 2540 885 2615 sit,
911 2559 972 2604 nec
1001 2538 1097 2604 aliter
1125 2540 1169 2604 ad
1199 2537 1318 2622 peculii

169 2643 432 2710 aestimationem
448 2644 573 2720 transit,
590 2643 733 2727 quamsi
748 2653 806 2708 aut
821 2643 901 2708 nihil
918 2645 1031 2708 iurem
1047 2643 1173 2707 domini
1188 2663 1318 2706 versum

170 2747 382 2831 intellegatur
395 2757 453 2812 aut
474 2767 539 2812 non
560 2757 680 2812 totum.
727 2746 812 2812 Cum
832 2757 945 2812 autem
964 2747 1139 2831 quaeritur,
1156 2756 1318 2830 quantum

171 2849 204 2913 in
227 2851 356 2933 peculio
378 2851 429 2928 sit,
451 2860 529 2915 ante
547 2852 728 2924 deducitur,
747 2852 908 2935 quidquid
931 2871 1043 2915 servus
1065 2851 1201 2915 domiuo
1219 2850 1317 2934 quive

172 2951 205 3018 in
221 2963 386 3036 potestate
402 2953 470 3017 eius
485 2955 527 3018 sit
539 2956 647 3034 debet,
660 2964 694 3020 et
709 2957 798 3038 quod
815 2963 972 3038 superest,
984 2955 1018 3018 id
1031 2953 1137 3018 solum
1153 2952 1318 3037 peculium

173 3055 382 3139 intellegitur.
426 3057 732 3144 aliquandotamen
749 3059 791 3137 id,
806 3059 896 3141 quod
913 3059 941 3122 ei
958 3058 1059 3122 debet
1075 3079 1195 3136 servus,
1213 3059 1319 3140 quiin

173 3169 339 3242 potestate
359 3161 484 3224 domini
503 3163 553 3238 sit,
569 3181 634 3224 non
653 3163 826 3225 deducitur
846 3183 889 3225 ex
910 3161 1047 3244 peculio,
1061 3161 1165 3225 veluti
1189 3161 1215 3222 si
1236 3161 1264 3222 is
1285 3160 1318 3222 in

173 3263 269 3327 huius
289 3264 391 3345 ipsius
411 3263 540 3346 peculio
561 3265 612 3328 sit.
657 3265 746 3346 quod
767 3285 807 3327 eo
827 3265 978 3347 pertinet,
993 3274 1039 3342 ut,
1055 3263 1081 3326 si
1100 3264 1179 3346 quid
1200 3263 1320 3326 vicario

173 3387 232 3432 suo
260 3387 371 3432 servus
395 3365 525 3444 debeat,
550 3368 583 3432 id
608 3387 652 3431 ex
676 3367 806 3450 peculio
832 3368 901 3432 eius
925 3387 991 3430 non
1015 3367 1208 3431 deducatur.

210 3604 224 3676 5
237 3609 267 3660 4.
288 3605 422 3661 Hitherto
433 3621 475 3659 we
487 3606 560 3661 have
572 3605 630 3660 had
642 3615 672 3661 to
685 3604 817 3660 consider
833 3603 900 3674 only
912 3613 1053 3660 contracte
1066 3603 1151 3660 made
1163 3604 1202 3674 by
1214 3619 1232 3658 a
1244 3603 1321 3658 slave

174 3689 240 3744 with
261 3689 304 3745 his
323 3690 451 3745 masters
470 3689 637 3760 knowledge
658 3705 690 3744 or
714 3705 786 3744 even
805 3689 845 3758 by
866 3688 910 3743 his
930 3705 1044 3759 express
1066 3687 1209 3758 authority
1220 3707 1228 3754 ;
1245 3703 1322 3756 upon

175 3772 274 3842 which,
286 3773 329 3827 ior
341 3775 402 3828 that
415 3789 483 3842 very
494 3790 604 3844 reason,
618 3773 666 3829 the
685 3783 791 3829 master
806 3789 864 3838 was
882 3771 949 3827 held
966 3772 1051 3827 liable
1064 3771 1092 3826 in
1105 3771 1236 3838 solidum,
1250 3788 1281 3824 or
1294 3779 1322 3826 at

175 3871 232 3925 any
242 3865 303 3911 rate
315 3873 373 3911 was
386 3857 571 3927 compellable
589 3867 619 3911 to
637 3873 693 3928 pay
706 3873 744 3928 up
762 3867 793 3912 to
812 3873 829 3910 a
847 3855 955 3911 certain
974 3855 1054 3924 limit,
1068 3855 1185 3910 without
1203 3854 1247 3908 his
1260 3871 1322 3908 own

176 3939 274 3994 claims
287 3939 420 4010 enjoying
432 3957 488 4009 any
501 3939 616 4010 priority
628 3957 696 3996 over
708 3942 790 3996 those
803 3940 835 3995 oi
844 3939 977 4008 ordinary
986 3940 1066 3995 trade
1079 3939 1224 3994 creditore.
1253 3937 1323 3992 This

176 4021 284 4077 section
303 4023 381 4077 deals
401 4022 467 4076 with
486 4023 529 4076 his
548 4023 667 4093 liability
678 4041 715 4078 on
734 4033 809 4092 most
822 4023 854 4077 οἱ
869 4023 917 4077 the
936 4023 1035 4077 slave’s
1052 4023 1134 4076 other
1146 4031 1325 4076 contracts—

178 4105 261 4161 those
273 4105 364 4160 which
382 4105 419 4160 he
437 4105 521 4160 made
539 4104 656 4160 without
673 4106 723 4162 the
741 4106 869 4160 master's
886 4105 1062 4174 knowledge,
1075 4119 1107 4158 or
1124 4119 1195 4158 even
1213 4102 1325 4172 against

176 4189 221 4244 bis
231 4189 328 4245 orders
339 4189 358 4258 (‘
364 4187 476 4244 etiamsi
485 4188 658 4259 prohibuerit
672 4187 799 4247 contrahi
812 4205 877 4242 curn
895 4205 976 4244 servo
993 4186 1133 4256 dominus,
1144 4185 1196 4241 erit
1213 4184 1242 4240 in
1259 4201 1324 4240 eum

177 4275 214 4329 de
232 4273 344 4345 peculio
361 4271 451 4329 actio’
465 4273 531 4343 Dig.
548 4285 587 4342 15.
604 4288 625 4327 1.
639 4287 681 4343 29.
698 4271 795 4342 1),but
813 4282 863 4327 not
882 4289 957 4343 upon
980 4270 1149 4341 obligations
1167 4267 1273 4338 arising
1291 4285 1326 4324 ex

178 4359 250 4413 servi
263 4357 368 4413 delicto
382 4356 461 4428 (Dig.
474 4356 510 4412 ib.
522 4371 546 4426 3.
560 4355 611 4426 tr),
625 4373 657 4411 or
668 4355 741 4410 from
754 4365 896 4410 contracte
909 4355 1000 4410 which
1015 4372 1085 4409 were
1098 4353 1204 4421 merely
1217 4351 1283 4422 gifts
1295 4361 1325 4406 to

177 4443 226 4498 the
238 4443 320 4498 other
331 4451 421 4513 party,
436 4441 501 4512 Dig.
516 4455 559 4512 39.
574 4453 596 4511 5.
611 4453 636 4510 7,
649 4457 681 4496 or
693 4440 765 4494 from
784 4439 865 4496 those
883 4439 976 4495 which
995 4455 1013 4495 a
1031 4436 1226 4492 filiusfamilias
1241 4435 1327 4498 made
