3166 5022
211 307 309 377 ran]
550 309 612 366 na
632 309 785 366 narrar
802 311 1034 370 nrwrsrowa.
1298 321 1358 388 199

212 473 279 539 Sed
302 475 329 538 si
350 474 461 558 gregis
476 496 572 539 usum
587 474 730 540 fructum
746 474 819 557 quis
839 473 970 552 habeat,
987 475 1145 541 inlocum
1168 476 1357 540 demortuo·
1370 491 1406 548 38

211 598 282 642 rum
313 580 459 662 capitum
490 601 535 643 ex
565 580 635 644 fetu
665 579 860 644 fructuarius
890 583 1098 645 summittere
1123 580 1233 659 debet,
1259 591 1297 644 ut
1323 591 1358 645 et

211 681 339 746 Iuliano
358 684 465 746 visum
487 693 545 763 est,
565 693 599 748 et
620 685 652 746 in
673 685 843 748 vinearum
868 685 1114 749 demortuarum
1129 685 1181 748 vel
1202 684 1356 748 arborum

210 783 317 850 locum
333 785 415 850 alias
427 787 529 852 debet
540 787 747 852 substituere.
778 796 866 852 recte
879 789 967 852 enim
979 788 1086 854 colere
1098 788 1198 853 debet
1214 797 1248 853 et
1263 789 1357 870 quasi

208 889 314 953 bonus
329 899 425 973 pater
441 890 581 956 familias
597 893 645 955 uti
660 891 771 957 debet.

250 992 450 1071 Thesauros,
467 1015 551 1078 quos
564 997 640 1077 quis
655 996 689 1058 in
705 1017 764 1060 suo
780 995 854 1060 loco
869 995 1037 1072 invenerit,
1053 996 1148 1060 divus
1165 995 1355 1058 Hadrianus
1367 1001 1404 1057 ³9

207 1095 391 1160 naturalem
404 1099 607 1181 aequitatem
620 1107 752 1163 secutus
768 1100 797 1164 ei
813 1100 973 1164 concessit
984 1101 1041 1182 qul
1053 1099 1222 1163 invenerit.
1251 1097 1357 1162 idem-

207 1219 271 1282 que
286 1202 412 1279 statuit,
427 1202 455 1264 si
479 1203 552 1284 quis
571 1203 605 1266 in
626 1223 718 1266 sacro
736 1211 794 1266 aut
812 1204 846 1266 in
869 1203 1021 1286 religioso
1036 1201 1111 1267 loco
1126 1201 1262 1274 fortuito
1278 1221 1355 1266 casu

206 1305 377 1370 invenerit.
407 1315 443 1370 at
458 1307 485 1369 si
501 1307 574 1388 quis
590 1307 623 1370 in
640 1307 750 1372 alieno
765 1306 838 1371 loco
854 1327 920 1371 non
935 1307 1016 1371 data
1031 1307 1075 1371 ad
1090 1305 1154 1372 hoc
1171 1326 1281 1389 opera,
1295 1305 1355 1370 sed

205 1406 341 1472 fortuitu
365 1410 533 1488 invenerit,
549 1410 723 1475 dimidium
744 1412 881 1474 domino
903 1411 964 1474 soli
983 1411 1154 1476 concessit.
1185 1417 1219 1474 et
1238 1429 1355 1473 conve·

205 1512 340 1588 nienter,
357 1513 385 1575 si
400 1514 473 1595 quis
489 1514 522 1576 in
539 1511 691 1578 Caesaris
706 1513 780 1578 loco
795 1515 965 1591 invenerit,
978 1515 1153 1578 dimidium
1168 1513 1356 1590 inventoris,

205 1615 381 1678 dimidium
398 1613 551 1680 Caesaris
567 1637 639 1682 esse
654 1619 780 1682 statuit.
811 1617 863 1682 cui
886 1618 1083 1681 conveniens
1099 1626 1159 1693 est,
1175 1625 1221 1695 ut,
1238 1617 1265 1681 si
1281 1619 1355 1699 quis

203 1717 236 1782 in
267 1719 401 1801 publico
430 1719 504 1784 loco
529 1721 584 1784 vel
614 1721 716 1786 fiscali
746 1722 916 1798 invenerit,
943 1719 1117 1786 dimidium
1144 1719 1245 1804 ipsius
1272 1742 1353 1794 esse,

203 1822 377 1886 dimidium
400 1822 470 1888 fisci
492 1823 544 1887 vel
568 1825 720 1889 civitatis

247 1924 311 1988 Per
324 1926 537 1991 traditionem
554 1948 686 2010 quoque
702 1929 770 1992 iure
782 1929 924 1993 naturali
940 1949 991 1994 res
1007 1928 1101 1992 nobis
1116 1928 1351 2011 adquiruntur:
1366 1931 1402 1986 40

203 2027 283 2091 nihil
299 2031 386 2092 enim
402 2039 472 2094 tam
488 2031 686 2095 conveniens
705 2041 756 2097 est
778 2032 919 2096 naturali
938 2033 1106 2114 aequitati,
1121 2052 1222 2114 quam
1237 2033 1352 2094 volun-

202 2141 306 2196 tatem
330 2133 465 2212 domini,
483 2135 625 2200 volentis
649 2155 718 2200 rem
742 2157 835 2200 suam
858 2137 892 2200 in
914 2135 1016 2200 alium
1038 2135 1222 2210 transferre,
1246 2143 1353 2198 ratam

200 2235 325 2300 haberi.
355 2247 390 2301 et
412 2239 488 2302 ideo
511 2241 747 2322 cuiuscumque
769 2241 898 2323 generis
920 2241 963 2304 sit
987 2239 1164 2322 corporalis
1185 2259 1247 2314 res,
1263 2239 1350 2302 tradi

200 2349 313 2422 potest
325 2342 536 2406 etadomino
548 2343 670 2408 tradita
682 2343 853 2409 alienatur.
876 2345 989 2428 itaque
999 2343 1211 2426 stipendiaria
1221 2363 1354 2425 quoque

200 2604 239 2673 by
251 2603 343 2658 which
362 2603 386 2658 is
405 2615 501 2660 meant
519 2605 569 2660 the
587 2615 683 2662 retum
702 2607 787 2662 made
799 2609 842 2662 for
855 2609 903 2662 the
920 2625 970 2663 use
986 2607 1020 2662 of
1034 2623 1052 2662 a
1067 2623 1113 2662 res
1126 2605 1237 2662 aliena:
1257 2605 1352 2676 ‘prae-

199 2687 310 2743 diorum
328 2688 500 2743 urbanorum
518 2689 671 2760 pensiones
690 2708 741 2761 pro
760 2691 896 2746 fructibus
915 2691 1106 2761 accipiuntur'
1127 2689 1193 2760 Dig.
1210 2703 1253 2745 22.
1271 2705 1290 2743 1.
1306 2689 1351 2757 36,

199 2771 364 2827 ‘mercedes
382 2773 468 2842 plane
481 2789 499 2826 a
511 2772 620 2828 colonis
633 2785 769 2844 acceptae
782 2775 846 2830 loco
859 2785 924 2830 sunt
937 2775 1077 2829 fructuum
1090 2793 1096 2829 :
1116 2791 1220 2844 operae
1239 2789 1352 2844 quoque

198 2871 344 2909 servorum
368 2855 397 2908 ln
423 2855 525 2910 eadem
546 2867 629 2910 erunt
654 2873 748 2926 causa,
774 2873 831 2928 qua
856 2867 921 2912 sunt
946 2855 1116 2928 pensiones3
1144 2856 1212 2912 item
1236 2865 1352 2910 vectura

197 2937 313 2993 navium
326 2947 354 2993 et
366 2933 570 2994 iumentorum’
589 2939 656 3010 Dig.
668 2951 690 3010 5.
705 2956 730 3009 3.
738 2955 781 3011 29,
801 2940 920 2996 ‘usurae
938 2941 1030 2996 vicem
1047 2941 1188 2997 fructuum
1206 2939 1351 2995 obtinent’

199 3021 266 3092 Dig.
279 3035 322 3076 22.
340 3037 362 3078 1.
378 3035 422 3090 34.

234 3103 311 3174 §aa
332 3105 497 3160 Thesaurus
519 3105 544 3159 is
566 3103 680 3160 defined
704 3121 736 3160 as
761 3104 857 3161 ‘vetus
879 3106 1020 3176 quaedam
1042 3103 1183 3177 depositio
1203 3103 1351 3176 pecuniae,

197 3187 278 3243 cuius
293 3205 352 3242 non
365 3199 442 3243 extat
454 3188 601 3258 memoria,
615 3188 715 3243 utiam
733 3189 881 3244 dominum
899 3206 957 3244 non
976 3191 1089 3259 habeat,
1103 3190 1144 3244 sic
1157 3189 1232 3244 enim
1246 3190 1276 3242 fit
1289 3187 1350 3243 eius

198 3270 245 3342 qui
266 3271 412 3340 invenerit,
429 3273 506 3342 quod
526 3289 583 3326 non
604 3272 718 3327 alterius
739 3272 796 3328 sit:
819 3273 943 3344 alioquin
966 3272 989 3327 si
1010 3272 1073 3343 quis
1091 3271 1199 3343 aliquid
1218 3271 1261 3325 vel
1280 3271 1349 3325 lucri

197 3372 293 3423 causa,
305 3356 350 3410 vel
368 3365 470 3424 metus,
483 3355 528 3410 vel
547 3355 694 3411 custodiae
708 3355 867 3412 condiderit
885 3357 938 3411 sub
957 3365 1040 3424 terra,
1052 3373 1110 3410 non
1129 3365 1172 3410 est
1190 3354 1350 3421 thesaurus,

197 3438 276 3493 cuius
289 3438 375 3494 etiam
388 3439 492 3494 furtum
505 3440 563 3494 est’
583 3438 648 3508 Dig.
662 3453 706 3506 41.
727 3455 747 3494 1.
762 3455 805 3508 31.
822 3455 844 3496 1.
882 3440 912 3494 If
919 3442 946 3494 A
960 3439 1047 3494 found
1066 3456 1084 3494 a
1101 3449 1226 3494 treasure
1245 3453 1283 3491 on
1302 3438 1349 3491 B’s

196 3521 265 3577 land
276 3522 425 3578 otherwise
443 3523 512 3578 than
530 3523 569 3592 by
581 3523 711 3578 accident
732 3523 752 3578 it
771 3523 913 3594 belonged
932 3524 1090 3592 altogether
1102 3532 1132 3578 to
1146 3524 1179 3576 B.
1218 3523 1243 3576 lt
1256 3520 1349 3575 would

197 3621 275 3661 seem
295 3607 356 3662 that
375 3607 425 3660 the
445 3605 566 3676 English
591 3607 659 3675 rule,
679 3606 770 3661 which
789 3617 866 3662 vests
889 3617 1105 3662 measure-trove
1127 3605 1156 3660 in
1177 3605 1226 3661 the
1248 3606 1349 3660 Crown

197 3690 225 3758 (3
240 3691 310 3744 Inst.
327 3705 337 3744 r
342 3687 397 3758 32),
410 3705 467 3744 was
480 3689 656 3745 established
674 3691 735 3744 also
753 3699 782 3746 at
802 3693 894 3746 Rome
906 3701 935 3746 at
948 3709 1028 3746 some
1040 3690 1109 3746 time
1122 3689 1193 3745 after
1206 3690 1253 3745 the
1265 3687 1349 3760 legis·

195 3773 284 3828 lation
297 3773 329 3826 of
339 3772 470 3828 Hadrian
482 3773 606 3828 referred
618 3783 648 3828 to
661 3772 691 3827 in
704 3774 752 3828 the
765 3783 824 3829 text
839 3775 893 3844 (for
907 3774 999 3830 which
1017 3775 1052 3830 cf.
1067 3774 1242 3846 Spartianus,
1257 3773 1347 3828 Hadr.

198 3855 261 3925 18);
280 3857 344 3910 thus
362 3853 383 3911 it
401 3855 425 3910 is
443 3855 608 3910 mentioned
627 3873 660 3910 as
678 3873 696 3910 a
714 3856 821 3926 special
840 3868 885 3912 act
905 3859 938 3911 of
952 3874 1037 3928 grace
1054 3874 1092 3912 on
1110 3858 1158 3912 the
1170 3868 1233 3928 part
1252 3857 1285 3911 of
1299 3857 1348 3911 the

196 3941 336 4010 Emperor
356 3939 519 3994 Alexander
540 3940 602 3994 that
625 3939 663 3994 he
687 3939 840 4010 permitted
863 3941 1012 3995 thesaurus
1034 3949 1064 3996 to
1086 3941 1122 3996 be
1147 3941 1215 4010 kept
1239 3940 1277 4008 by
1298 3940 1347 3994 the

196 4023 293 4079 finder.
331 4023 464 4093 Possibly
476 4021 497 4077 it
510 4039 567 4078 was
581 4024 629 4078 the
642 4025 838 4079 concealment
851 4024 883 4079 of
892 4025 962 4078 such
982 4023 1154 4078 discoveries
1167 4023 1259 4077 which
1272 4033 1347 4076 must

195 4107 268 4162 have
286 4107 413 4163 resulted
424 4108 497 4162 from
510 4107 567 4162 this
580 4107 715 4177 privilege
734 4107 767 4161 of
781 4108 830 4162 the
849 4108 933 4162 fiscus
946 4108 1008 4162 that
1026 4107 1074 4162 led
1088 4117 1117 4161 to
1138 4105 1347 4161 Constantine's

194 4192 308 4260 general
318 4201 483 4247 enactment
494 4191 578 4261 (Cod.
589 4191 697 4246 Theod
710 4207 750 4246 10.
764 4193 804 4247 18.
816 4193 841 4260 1)
852 4191 1011 4260 rewarding
1020 4191 1068 4245 the
1078 4190 1167 4244 finder
1176 4189 1242 4243 with
1251 4205 1269 4242 a
1279 4187 1346 4244 half.

198 4275 350 4330 Hadrian's
363 4276 424 4330 rule
437 4291 494 4330 was
507 4273 724 4330 re-established
737 4275 775 4344 by
786 4276 852 4344 Leo,
865 4275 960 4330 whose
973 4273 1156 4329 constitution
1169 4271 1273 4343 passed
1286 4269 1345 4326 into

194 4357 242 4414 the
253 4359 415 4430 legislation
428 4359 461 4412 of
468 4357 618 4428 Justinian,
632 4358 703 4413 Cod.
719 4373 757 4413 ro.
775 4371 815 4428 15.

229 4437 309 4512 540.
328 4444 356 4498 A
378 4441 440 4498 fifth
461 4443 572 4498 natural
593 4442 679 4498 mode
700 4441 734 4497 os
748 4441 919 4513 acquisition
940 4441 965 4499 is
984 4439 1108 4513 traditio,
1129 4440 1198 4498 bare
1220 4435 1345 4511 delivery
