3166 5022
200 323 250 376 'tlt
264 319 316 386 m]
433 317 493 373 DE
514 317 746 374 PUPILLARI
763 317 788 373 S
792 318 870 374 UBS
873 319 944 374 TIT
946 318 1114 376 UTIONE·
1287 311 1347 374 261

199 481 343 547 admitti.
389 480 426 547 Si
448 501 577 546 servum
599 481 743 546 alienum
765 482 839 566 quis
859 493 988 566 patrem
1011 483 1151 548 familias
1173 483 1381 551 arbitratus4

198 586 356 652 heredem
375 586 541 671 scripserit
565 597 607 663 et,
624 588 651 650 si
673 587 768 652 heres
788 609 854 653 non
875 599 970 666 esset,
987 589 1154 653 Maeuium
1176 591 1205 654 ei
1229 592 1350 656 substi-

198 692 300 756 tuerit
316 692 408 774 isque
427 711 540 754 servus
560 691 648 755 iussu
669 692 795 757 domini
815 693 934 758 adierit
956 693 1183 772 hereditatem,
1200 694 1350 758 Maevius

199 795 233 858 in
250 803 380 878 partem
395 795 592 860 admittitur.
627 793 683 860 illa
699 797 787 860 enim
803 796 903 860 verba
920 797 963 860 ‘si
978 795 1073 862 heres
1088 817 1153 861 non
1170 797 1246 862 erit'
1261 799 1293 860 in
1309 818 1350 862 eo

198 899 345 980 quidem,
359 918 460 980 quem
476 897 584 962 alieno
600 899 659 962 iuri
678 900 863 964 subiectum
879 921 951 964 esse
969 909 1109 965 testator
1123 901 1193 976 scit,
1204 901 1250 965 sic
1265 903 1350 966 acci·

198 1003 349 1083 piuntur:
364 1002 392 1065 si
404 1021 511 1084 neque
523 1002 594 1084 ipse
605 1002 701 1067 heres
713 1004 774 1068 erit
784 1023 891 1086 neque
903 1003 1003 1068 alium
1016 1003 1172 1068 heredem
1185 1003 1349 1070 effecerit:

199 1107 232 1169 in
253 1127 293 1170 eo
308 1095 512 1188 vero,‘quem
533 1117 661 1190 patrem
684 1107 824 1172 familias
845 1129 917 1172 esse
939 1109 1122 1187 arbitratur,
1143 1107 1224 1172 illud
1248 1109 1349 1192 signi·

198 1210 320 1276 fleant:
350 1212 377 1274 si
404 1210 623 1276 hereditatem
649 1213 711 1276 sibi
734 1213 814 1288 eive,
841 1215 932 1278 cuius
956 1213 1017 1276 iuri
1041 1222 1158 1296 postea
1184 1213 1349 1277 subiectus

198 1335 271 1379 esse
286 1316 439 1398 coeperit,
460 1336 525 1380 non
550 1317 750 1399 adquisierit.
796 1319 895 1402 idque
916 1318 1068 1383 Tiberius
1090 1317 1213 1384 Caesar
1227 1319 1259 1382 in
1275 1338 1349 1400 per·

197 1440 279 1485 sona
296 1419 461 1484 Parthenii
476 1421 561 1486 servi
575 1423 626 1486 sui
641 1424 821 1488 constituit.

728 1663 823 1728 XVI.

473 1842 522 1893 nn
546 1841 744 1894 Purlnnnxt
768 1839 1073 1894 sunsnrrurronns.

242 1989 371 2056 Liberis
386 1991 453 2056 suis
469 1991 703 2075 impuberibus,
717 2011 801 2074 quos
821 1992 855 2056 in
878 2002 1045 2076 potestate
1061 1993 1134 2076 quis
1157 1992 1267 2072 habet,
1283 2013 1349 2057 non

198 2097 306 2160 solum
322 2098 368 2161 ita
384 2107 421 2160 ut
436 2099 695 2180 supradiximus
708 2097 907 2162 substituere
922 2108 1042 2182 potest,
1050 2099 1083 2163 id
1100 2107 1150 2162 est
1162 2107 1206 2174 ut,
1214 2099 1241 2162 si
1256 2098 1350 2162 here·

198 2203 258 2265 des
274 2203 303 2265 ei
320 2221 386 2265 non
402 2203 583 2280 extiterint,
595 2203 679 2266 alius
694 2203 724 2266 ei
740 2202 782 2266 sit
797 2202 900 2278 heres,
917 2203 975 2267 sed
997 2223 1037 2268 eo
1051 2203 1194 2286 amplius
1209 2213 1246 2268 ut
1261 2213 1304 2281 et,
1322 2203 1350 2266 si

197 2304 337 2371 heredes
353 2307 382 2370 ei
397 2307 569 2372 extiterint
585 2317 619 2372 et
633 2305 742 2371 adhuc
757 2307 946 2390 impuberes
962 2310 1082 2373 mortui
1096 2308 1224 2384 fuerint,
1242 2309 1284 2371 sit
1303 2308 1350 2371 eis

197 2409 315 2493 aliquis
337 2409 441 2476 heres.
486 2411 588 2476 veluti
615 2411 642 2476 si
668 2409 853 2494 quisdicat
875 2411 938 2476 hoc
961 2413 1082 2476 modo:
1112 2411 1238 2476 ‘Titius
1264 2411 1350 2474 filius

199 2535 293 2580 meus
308 2515 402 2580 heres
418 2514 498 2580 mihi
514 2527 607 2581 esto:
631 2517 658 2580 si
674 2515 759 2580 filius
784 2537 876 2582 meus
897 2517 992 2581 heres
1013 2517 1091 2581 mihi
1113 2537 1179 2580 non
1195 2517 1266 2592 erit,
1282 2516 1351 2579 sive

197 2620 293 2684 heres
315 2621 376 2685 erit
398 2629 432 2685 et
455 2623 545 2703 prius
570 2621 736 2696 moriatur,
760 2641 861 2704 quam
889 2621 922 2685 in
945 2641 1039 2686 suam
1063 2621 1202 2686 tutelam
1222 2621 1351 2685 venerit

198 2721 245 2810 (id
261 2735 311 2788 est
327 2725 432 2808 pubes
452 2725 557 2789 factus
575 2721 643 2811 sit),
658 2735 736 2789 tunc
760 2724 858 2789 Seius
880 2725 975 2789 heres
998 2725 1088 2789 esto.’
1132 2746 1199 2808 quo
1221 2744 1298 2788 casu
1322 2725 1350 2788 si

198 2828 332 2911 quidem
356 2849 423 2892 non
448 2830 595 2893 extiterit
619 2828 715 2892 heres
742 2827 836 2903 filius,
864 2838 943 2893 tunc
969 2831 1168 2894 substitutus
1195 2829 1279 2910 patri
1312 2827 1350 2892 fit

196 2933 310 2997 heres:
334 2933 361 2997 si
379 2954 457 2998 vero
477 2935 626 2998 extiterit
641 2932 737 2998 heres
754 2933 839 2998 filius
859 2944 893 2999 et
916 2943 993 2998 ante
1010 2935 1221 3017 pubertatem
1236 2933 1349 2997 deces-

197 3040 284 3112 serit,
300 3038 361 3121 ipsi
377 3038 445 3104 filio
467 3039 505 3104 fit
525 3039 621 3104 heres
642 3040 850 3104 substitutus.
895 3059 972 3103 nam
994 3040 1139 3103 moribus
1160 3040 1348 3103 institutum

197 3151 256 3220 est,
279 3151 326 3219 ut,
349 3163 425 3207 curn
449 3144 519 3208 eius
541 3145 661 3207 aetatis
683 3153 769 3222 sunt,
791 3143 825 3205 in
847 3163 914 3224 qua
936 3144 998 3226 ipsi
1022 3143 1084 3206 sibi
1111 3151 1348 3206 testamentum

196 3375 265 3430 then
287 3377 318 3446 C,
337 3375 362 3431 ir
370 3377 397 3431 Α
409 3377 467 3431 and
481 3378 503 3430 Β
517 3377 587 3432 both
600 3376 672 3447 drop
685 3385 742 3439 out,
752 3385 815 3446 gets
830 3375 876 3430 B's
889 3375 971 3430 share
984 3383 1033 3429 not
1047 3374 1114 3443 only
1125 3391 1157 3428 as
1171 3373 1349 3441 substitutus,

195 3459 246 3515 but
259 3460 320 3515 also
333 3477 365 3515 as
378 3460 530 3516 institutus.

232 3545 290 3598 For
310 3545 359 3598 the
380 3543 511 3615 question
531 3544 657 3599 whether
676 3559 694 3598 a
710 3543 810 3612 vulgar
826 3558 884 3596 was
906 3539 1022 3611 implied
1042 3539 1071 3596 in
1090 3556 1109 3596 a
1127 3539 1266 3612 pupillary
1283 3541 1348 3596 sub·

195 3627 323 3682 stitution
348 3643 397 3682 see
421 3629 474 3682 Mr.
489 3629 597 3682 Poste's
616 3637 683 3682 note
702 3643 740 3680 on
760 3625 849 3680 Gaius
870 3624 898 3681 ii.
921 3638 977 3694 179
1017 3625 1060 3678 M.
1074 3623 1205 3679 Aurelius
1227 3624 1349 3680 enatted

194 3711 256 3766 that
276 3712 347 3766 each
369 3710 471 3766 should
495 3711 532 3766 be
556 3711 672 3780 implied
693 3709 721 3764 in
741 3711 791 3764 the
810 3709 909 3764 other:
935 3707 1011 3763 ‘iarn
1033 3709 1087 3763 hoc
1109 3707 1168 3764 iure
1188 3707 1293 3763 utimur
1313 3725 1349 3764 ex

196 3795 233 3849 D.
249 3793 340 3850 Marci
352 3805 381 3849 et
395 3793 491 3850 Severi
505 3794 714 3863 constitutione,
723 3803 754 3849 ut
767 3810 854 3864 quum
867 3803 948 3864 pater
965 3791 1103 3863 impuberi
1116 3791 1173 3847 filio
1186 3791 1215 3846 in
1228 3794 1348 3848 alterurn

194 3895 294 3933 casum
304 3877 503 3947 substituisset,
514 3877 543 3932 in
553 3889 702 3949 utrumque
712 3894 810 3933 casum
819 3875 998 3932 substituisse
1008 3877 1193 3946 intellegatur,
1202 3875 1261 3930 sive
1275 3875 1348 3930 filius

195 3962 278 4017 heres
290 3977 348 4016 non
361 3960 491 4030 extiterit,
505 3960 565 4016 sive
577 3960 699 4016 extiterit
712 3971 740 4016 et
754 3959 883 4031 impubes
896 3959 1066 4015 decesserit’
1080 3958 1147 4029 Dig.
1161 3960 1201 4013 28.
1215 3958 1241 4012 6.
1254 3973 1280 4024 4.

232 4041 247 4115 ᾗ
260 4047 289 4099 4.
311 4045 340 4098 Is
348 4045 369 4099 it
382 4044 466 4099 could
484 4044 520 4098 be
539 4043 647 4114 proved
665 4044 727 4098 that
746 4043 795 4098 the
813 4052 933 4098 testator
945 4043 1038 4096 would
1050 4051 1100 4096 not
1113 4043 1187 4096 have
1200 4039 1348 4095 instituted

194 4129 244 4184 the
262 4127 371 4183 alienus
389 4145 496 4197 servus,
513 4127 572 4182 had
590 4127 626 4182 he
645 4127 749 4182 knomr
768 4125 813 4180 his
835 4125 929 4181 actual
951 4125 1105 4196 condition,
1121 4125 1170 4180 the
1188 4123 1347 4179 institution

194 4228 253 4266 was
265 4211 340 4280 void,
353 4211 410 4266 and
423 4213 471 4267 the
484 4211 634 4266 substitute
647 4211 716 4266 took
728 4211 774 4278 all,
789 4210 859 4264 Cod.
872 4209 898 4263 6.
912 4222 953 4275 24
968 4223 994 4277 3.

230 4298 291 4350 Ἧι.
303 4298 392 4350 XV1.
412 4293 581 4351 substitutio
601 4293 755 4365 pupillaris,
776 4293 833 4348 like
854 4293 903 4347 the
924 4291 999 4362 right
1024 4291 1057 4345 ot
1073 4288 1239 4362 appointing
1260 4299 1347 4345 testa·

194 4387 325 4448 mentary
340 4378 494 4449 guardians
512 4388 543 4434 to
561 4379 639 4434 one’s
658 4395 721 4433 own
740 4375 912 4432 filiifamilias
930 4375 1021 4430 under
1033 4375 1082 4430 the
1100 4391 1154 4443 age
1170 4373 1203 4428 of
1217 4373 1347 4443 puberty,

194 4479 253 4518 was
265 4479 284 4518 a
295 4479 364 4534 pure
376 4472 508 4519 outcome
521 4461 554 4518 os
561 4462 654 4533 patria
669 4471 806 4533 potestas,
819 4460 885 4529 and,
898 4475 930 4514 as
942 4457 1084 4530 Justinian
1096 4457 1160 4514 tells
1172 4473 1206 4512 us
1218 4458 1294 4526 here,
1307 4473 1345 4512 an
