3148 5024
187 340 300 406 Thra]
370 338 526 411 QUIBUS
548 337 685 394 MODIS
704 338 931 395 OBLIGATIO
957 338 1170 396 TOLLITUR.
1271 341 1334 409 451

187 505 313 569 tionem
334 525 433 587 posse
451 503 524 568 aliis
538 503 646 568 verbis
662 503 815 568 dissolvi:
842 505 901 570 sed
917 504 962 580 id,
972 497 1072 586 'quod
1093 524 1138 568 ex
1156 502 1221 567 alia
1237 521 1336 566 causa

187 609 337 686 debetur,
354 617 464 691 potest
480 609 513 670 in
528 605 774 689 stipulationem
790 609 909 672 deduci
924 618 958 672 et
973 627 1033 690 per
1047 608 1335 690 acceptilationem

187 711 330 777 dissolvi.
365 713 450 776 sicut
472 719 584 774 autem
606 711 696 793 quod
718 711 858 776 debetur
878 733 939 795 pro
961 721 1056 794 parte
1076 722 1174 776 recte.
1187 711 1334 783 solvitur,

188 817 235 880 ita
257 817 290 880 in
315 827 443 898 partem
473 815 578 880 debiti
605 815 813 897 acceptilatio
839 815 909 880 fieri
939 825 1059 898 potest.
1114 816 1178 884 Est
1203 815 1365 898 prodita2

188 907 366 1003 stipulati0,
388 940 474 1002 quae
488 919 589 1002 vulgo
609 918 791 1002 Aquiliana
808 919 1001 1002 appellatur,
1026 941 1085 1002 per
1107 939 1209 1003 quam
1231 919 1335 1001 stipu-

188 1024 346 1088 lationem
365 1023 537 1106 contingit‚
554 1031 590 1087 ut
612 1023 760 1086 omnium
782 1043 889 1088 rerum
905 1022 1064 1106 obligatio
1083 1025 1116 1088 in
1139 1021 1335 1105 stipulatum

188 1129 370 1194 deducatur
386 1137 419 1192 et
440 1149 479 1192 ea
499 1149 558 1210 per
572 1127 858 1210 acceptilationem
877 1127 1023 1192 tollatur.
1062 1128 1231 1212 stipulatio
1247 1129 1335 1192 enim

188 1231 368 1314 Aquiliana
394 1241 495 1296 novat
521 1251 636 1296 omnes
660 1232 878 1314 obligationes
904 1241 938 1296 et
964 1252 985 1296 a
1010 1231 1107 1296 Gallo
1129 1231 1267 1314 Aquilio
1290 1232 1337 1294 ita
1420 1287 1424 1293 .

189 1337 375 1418 composita
390 1344 460 1400 est:
485 1335 663 1419 ‘quidquid
685 1345 719 1400 te
739 1337 820 1400 mihi
839 1356 883 1400 ex
907 1357 1117 1418 quacumque
1136 1357 1236 1401 causa
1257 1337 1338 1400 dare

187 1439 295 1503 facere
309 1447 441 1522 oportet
455 1439 621 1522 oportebit
636 1460 791 1521 praesens
807 1441 840 1504 in
861 1441 992 1505 diemve
1007 1461 1214 1523 quarumque
1228 1459 1336 1504 rerum

189 1543 270 1606 mihi
288 1553 397 1608 tecum
418 1545 506 1608 actio
528 1564 679 1626 quaeque
701 1544 761 1610 abs
782 1553 816 1610 te
837 1544 953 1627 petitio
968 1544 1021 1608 vei
1042 1545 1199 1608 adversus
1214 1554 1249 1608 te
1264 1563 1337 1625 per·

189 1646 313 1712 secutio
329 1657 379 1711 est
395 1648 456 1712 erit
470 1649 625 1730 quodque
648 1657 684 1712 tu
708 1669 819 1712 meum
838 1648 941 1712 habes
957 1659 1050 1712 tenes
1067 1649 1217 1730 possides
1232 1649 1338 1731 possi·

189 1753 325 1814 deresve
350 1751 469 1815 dolove
500 1751 588 1816 malo
615 1750 733 1828 iecisti,
762 1773 830 1835 quo
857 1753 965 1816 minus
994 1753 1185 1835 possideas:
1222 1751 1338 1834 quanti

190 1874 341 1937 quaeque
360 1874 473 1918 earum
497 1875 605 1918 rerum
626 1875 677 1918 res
700 1857 770 1935 erit,
790 1864 920 1920 tantam
943 1857 1116 1938 pecuniam
1139 1855 1211 1920 dari
1234 1855 1337 1936 stipu-

189 1957 276 2022 latus
292 1967 341 2021 est
357 1957 466 2022 Aulus
482 1957 636 2042 Agerius,
648 1961 828 2042 spopondit
844 1961 1022 2026 Numerius
1038 1958 1218 2044 Negidius?
1257 1959 1337 2022 item

190 2062 359 2126 ediverso
383 2063 560 2126 Numerius
586 2063 749 2146 Negidius
769 2066 982 2148 interrogavit
1005 2064 1132 2129 Aulum
1155 2064 1336 2146 Agerium:

191 2165 369 2248 ‘quidquid
399 2167 459 2232 tibi
488 2166 649 2231 hodierno
675 2168 729 2232 die
759 2189 819 2251 per
844 2167 1060 2251 Aquilianam
1090 2167 1337 2252 stipulationem

100 2303 106 2314 ·
190 2271 363 2352 spopondi,
393 2271 426 2334 id
459 2291 558 2335 omne
587 2271 734 2362 habesne
764 2270 982 2355 acceptumi'
1028 2272 1198 2355 respondit
1227 2271 1338 2336 Aulus

191 2538 363 2610 stipulation,
382 2541 504 2611 perhaps
523 2541 674 2612 employed
692 2541 735 2596 sor
753 2537 899 2611 security’s
917 2541 986 2596 sake
1005 2559 1076 2596 even
1095 2542 1187 2596 where
1205 2542 1254 2596 the
1270 2541 1338 2596 debt

191 2641 249 2678 was
266 2624 413 2679 otherwise
432 2624 603 2694 discharged
620 2627 654 2694 (e.
664 2643 691 2694 g.
704 2625 742 2693 by
759 2623 913 2695 payment),
931 2625 988 2680 and
1007 2635 1056 2680 not
1075 2626 1141 2694 only
1155 2625 1197 2693 (as
1216 2625 1265 2680 the
1281 2635 1339 2680 text

191 2705 334 2777 suggests)
348 2709 429 2764 when
442 2725 460 2764 a
471 2709 628 2778 gratuitous
645 2709 753 2764 release
769 2725 827 2764 was
844 2708 988 2764 intended.
1026 2709 1067 2764 lts
1084 2707 1293 2778 specialisation
1310 2719 1340 2762 to

191 2791 240 2844 the
258 2789 411 2846 extinctiou
430 2792 463 2846 os
477 2791 647 2862 obligations
666 2791 797 2848 incurred
815 2792 908 2847 verbis
930 2791 955 2848 is
976 2792 1090 2848 alluded
1108 2801 1138 2846 to
1157 2792 1186 2846 in
1205 2793 1340 2860 Terence,

192 2873 315 2944 Adelph.
331 2889 356 2930 2.
378 2889 398 2930 1.
420 2891 454 2930 to
471 2875 578 2947 ‘neque
596 2885 626 2932 tu
648 2876 742 2932 verns
765 2877 858 2932 solves
878 2893 1010 2946 unquam,
1030 2876 1106 2946 quod
1127 2875 1196 2930 mihi
1215 2893 1246 2930 re
1264 2877 1338 2932 male

191 2957 309 3012 feceris!
345 2960 483 3014 whether
496 2977 532 3014 an
551 2959 730 3030 acceptilatio
747 2959 776 3014 in
794 2969 904 3029 panem
921 2959 1009 3014 debiti
1027 2976 1084 3014 was
1097 2958 1172 3014 valid
1191 2959 1248 3014 had
1266 2959 1339 3014 been

193 3041 325 3112 disputed
343 3043 370 3097 in
385 3043 483 3098 Gaius’
495 3042 571 3110 time,
585 3042 620 3096 iii
639 3055 698 3109 172.
733 3041 896 3112 Justinian’s
915 3052 1067 3098 statement
1086 3042 1118 3096 oi
1133 3043 1180 3096 the
1199 3043 1251 3098 law
1264 3053 1339 3096 must

117 3117 126 3126 ”
191 3124 229 3180 be
248 3125 334 3181 talren
353 3126 462 3196 subject
481 3136 511 3181 to
532 3127 581 3182 the
601 3125 764 3182 distinction
783 3126 880 3180 drawn
898 3126 936 3195 by
955 3125 1080 3196 Ulpian:
1101 3124 1141 3180 ‘si
1160 3124 1198 3194 id,
1215 3126 1292 3196 quod
1312 3125 1340 3180 in

192 3209 404 3279 stipulationem
429 3209 582 3264 deductum
607 3219 659 3276 est,
684 3208 851 3264 divisionem
877 3225 933 3264 non
955 3208 1081 3278 recipiat,
1106 3208 1284 3278 acceptilatio
1309 3207 1338 3262 in

192 3301 302 3362 partem
321 3292 425 3348 nullius
442 3291 494 3348 erit
514 3291 659 3360 momenti,
672 3301 702 3346 ut
721 3299 790 3360 puta
808 3291 832 3345 si
851 3289 971 3346 servitus
989 3291 1040 3346 luit
1059 3291 1167 3360 praedii
1182 3291 1279 3346 rustici
1296 3293 1340 3346 vel

192 3375 300 3432 urbani.
339 3377 428 3432 Plane
447 3375 470 3430 si
488 3375 663 3430 ususfructus
680 3374 716 3430 sit
734 3374 762 3430 in
781 3373 993 3444 stipulationem
1012 3375 1158 3444 deductus,
1174 3383 1244 3444 puta
1261 3375 1339 3430 fundi

192 3458 307 3528 Titiani,
326 3459 429 3530 poterit
447 3475 499 3529 pro
517 3469 597 3529 parte
616 3455 794 3528 acceptilatio
814 3455 873 3512 lieri
890 3467 919 3512 et
937 3457 989 3514 erit
1008 3457 1137 3512 residuae
1155 3456 1243 3526 partis
1262 3457 1340 3512 fundi

191 3543 386 3598 ususfructus:
421 3543 445 3598 si
470 3553 566 3598 tamen
591 3541 667 3598 viam
697 3540 760 3612 quis
784 3539 933 3610 stipulatus
958 3551 1076 3611 accepto
1101 3539 1154 3595 iter
1177 3541 1221 3594 vel
1246 3551 1341 3595 actum

191 3625 298 3694 iecerit,
315 3624 495 3696 acceptilatio
514 3625 616 3680 nullius
635 3623 687 3680 erit
706 3623 859 3680 momenti'
878 3623 942 3694 Dig.
956 3623 998 3692 46.
1012 3639 1038 3691 4.
1055 3639 1064 3677 r
1070 3639 1093 3692 3.
1110 3639 1131 3678 1.
1169 3625 1232 3680 The
1248 3625 1340 3680 words

193 3707 239 3762 ‘ut
253 3707 389 3764 dirimus’
401 3709 429 3764 in
442 3709 498 3764 this
512 3706 620 3764 section
633 3725 681 3764 are
693 3708 779 3764 taken
792 3706 864 3762 from
878 3706 967 3762 Gaius
980 3706 1017 3763 iii.
1035 3720 1092 3775 170,
1104 3707 1163 3762 and
1175 3709 1341 3778 apparently

193 3791 309 3847 referto
322 3807 401 3848 some
418 3809 540 3862 passage
557 3791 586 3848 in
602 3791 647 3848 his
668 3792 815 3848 Institutas
828 3791 918 3846 which
932 3792 983 3848 has
1000 3801 1050 3846 not
1068 3807 1149 3847 come
1162 3791 1245 3848 down
1257 3802 1288 3848 to
1300 3809 1342 3860 us,

194 3891 227 3928 or
239 3873 361 3944 perhaps
374 3883 404 3928 to
416 3891 471 3930 one
483 3875 515 3930 oi
524 3875 568 3932 his
580 3877 662 3932 other
673 3876 773 3932 works.

232 3955 289 4028 §A
308 3959 349 4012 As
368 3957 393 4012 is
410 3957 473 4012 said
491 3957 519 4012 in
538 3959 587 4014 the
604 3959 758 4029 preceding
775 3959 923 4027 sections
941 3959 1009 4014 debt
1028 3957 1158 4016 incurred
1171 3957 1199 4012 in
1212 3976 1269 4028 any
1281 3976 1342 4028 way

195 4041 372 4095 whatsoever
384 4040 467 4094 could
479 4041 516 4095 be
528 4043 717 4098 transformed
729 4043 767 4112 by
779 4041 894 4097 novatio
907 4041 966 4098 into
979 4059 997 4096 a
1009 4041 1104 4098 verbal
1117 4039 1272 4110 obligation
1285 4043 1343 4098 and

75 4136 79 4146 ·
194 4123 264 4179 then
283 4123 411 4178 released
429 4123 467 4193 by
479 4124 665 4194 acceptilatio.
702 4127 747 4180 To
766 4126 864 4180 Gallus
877 4123 1007 4196 Aquilius
1021 4125 1098 4194 (note
1111 4141 1149 4178 on
1162 4125 1214 4180 Blr.
1228 4123 1256 4180 ii.
1272 4139 1339 4193 ¹³·1

194 4207 283 4277 supr.)
297 4217 372 4262 must
385 4207 421 4262 be
433 4205 565 4262 awarded
583 4209 632 4262 the
650 4209 732 4263 merit
745 4209 778 4263 of
791 4208 897 4278 having
909 4208 1026 4264 devised
1039 4225 1056 4262 a
1068 4207 1188 4262 formula
1200 4207 1238 4276 by
1251 4207 1341 4262 which

195 4291 233 4347 all
255 4289 425 4360 obligations
445 4288 474 4344 in
499 4289 590 4344 which
615 4307 670 4346 one
691 4293 748 4348 and
771 4293 819 4347 the
841 4309 920 4350 same
944 4307 1048 4362 person
1072 4307 1130 4344 was
1155 4289 1264 4358 debtor,
1286 4291 1343 4345 and

196 4375 316 4430 another
333 4373 391 4429 and
410 4373 458 4428 the
477 4389 556 4428 same
575 4373 703 4444 creditor,
717 4375 800 4429 could
818 4375 855 4430 be
874 4375 1026 4430 embraced
1039 4373 1098 4428 ina
1117 4371 1207 4442 single
1219 4371 1343 4440 novatio,

195 4457 254 4514 and
263 4458 382 4530 thereby
391 4457 427 4515 be
440 4455 594 4514 converted
606 4456 666 4512 into
678 4475 697 4514 a
708 4457 798 4526 single
811 4457 975 4530 obligation,
985 4457 1077 4514 which
1086 4455 1170 4513 could
1179 4456 1256 4527 then,
1270 4455 1289 4512 ii
1302 4473 1343 4512 re·

723 4558 820 4630 oga
