3176 5022
232 305 294 395 358
433 313 508 370 INS
510 311 537 368 T
534 309 583 368 IT
584 312 640 368 UT
637 309 784 367 IONUM
801 307 921 365 LIBRI
939 307 1175 382 QUATTUOR.
1262 310 1326 378 [Lib.
1337 314 1382 366 111.

230 480 282 548 his
313 479 425 564 palam
456 488 507 545 est
541 477 741 562 intellegere,
770 475 1053 560 quemadmodum
1084 467 1220 541 ulterius
1250 495 1382 559 quoque

230 587 352 670 gradus
374 603 545 647 numerare
565 582 745 647 debemus:
768 581 892 664 quippe
912 600 1043 663 semper
1056 589 1215 662 generata
1232 599 1382 662 quaeque

230 708 371 772 persona
385 686 524 772 gradum
540 685 671 762 adiciat,
688 694 726 750 ut
741 684 839 768 longe
853 684 982 750 facilius
998 685 1042 750 sit
1057 683 1264 767 respondere,
1279 692 1381 766 quoto

230 795 371 878 quisque
381 793 485 876 gradu
498 791 549 866 sit,
560 809 661 875 quam
672 791 805 874 propria
816 790 1021 872 cognationis
1034 788 1256 872 appellatione
1267 807 1381 871 quem-

201 918 332 982 gquam
358 897 525 961 denotare.
577 893 801 978 Adgnationis
828 913 960 976 quoque
985 892 1107 977 gradus
1137 891 1255 956 eodem
1282 893 1381 957 modo

200 1010 454 1082 9nume1antur.
500 999 568 1066 Sed
592 1019 667 1064 curn
691 999 796 1081 magis
818 999 939 1064 veritas
964 996 1096 1063 oculata
1118 995 1184 1062 fide
1206 1017 1306 1081 quarn
1324 1017 1382 1080 per

230 1128 325 1172 aures
349 1105 469 1171 animis
495 1104 669 1168 hominum
695 1101 850 1187 infigitur,
875 1105 951 1167 ideo
978 1103 1197 1168 necessarium
1224 1102 1381 1168 duximus

230 1220 308 1296 post
327 1211 550 1275 narrationem
571 1208 735 1290 graduum
755 1208 856 1271 etiam
878 1227 934 1272 eos
955 1207 1120 1290 praesenti
1141 1205 1225 1270 libro
1240 1205 1380 1282 inscribi,

231 1323 395 1398 quatenus
415 1313 544 1396 possint
567 1320 601 1376 et
622 1311 755 1375 auribus
778 1319 812 1375 et
835 1311 1039 1394 inspectione
1061 1309 1289 1374 adulescentes
1309 1330 1381 1393 per-

231 1417 446 1483 fectissimam
470 1415 632 1498 graduum
664 1415 849 1478 doctrinam
879 1414 1026 1498 adipisci.
1073 1412 1193 1498 (Locus
1222 1415 1258 1478 in
1281 1413 1382 1478 codice

232 1521 448 1603 manuscnpto
484 1538 604 1584 vacuus
631 1518 692 1600 qui
715 1518 918 1600 genealogico
950 1520 1117 1583 stemmati
1136 1518 1257 1600 suerat
1283 1517 1381 1582 desti·

232 1623 353 1712 natus.)

185 1735 219 1790 10
277 1729 364 1796 illud
380 1737 506 1795 certum
522 1737 574 1794 est
589 1728 631 1792 ad
647 1725 780 1792 serviles
795 1727 1009 1810 cognationes
1025 1726 1115 1792 illam
1130 1737 1257 1812 partem
1274 1725 1382 1807 edicti,

231 1855 298 1918 qua
320 1833 543 1918 proximitatis
564 1831 698 1896 nomine
718 1831 879 1896 bonorum
900 1833 1064 1915 possessio
1085 1833 1296 1916 promittitur,
1317 1851 1382 1895 non

230 1938 414 2021 pertinere:
442 1955 519 2000 nam
550 1955 611 1999 nec
640 1934 708 1998 ulla
733 1937 869 2018 antiqua
899 1935 972 2018 lege
1001 1936 1077 2001 talis
1108 1937 1262 2019 cognatio
1293 1955 1382 2000 com·

231 2041 421 2126 putabatur.
453 2040 511 2106 sed
527 2050 640 2106 nostra
655 2039 899 2115 constitutione,
912 2061 1013 2124 quam
1028 2061 1089 2124 pro
1105 2041 1173 2104 iure
1187 2051 1382 2124 patronatus

231 2147 369 2212 lecimus
392 2141 496 2233 (quod
520 2145 570 2210 ius
593 2166 699 2227 usque
725 2145 767 2209 ad
796 2155 908 2210 nostra
931 2157 1082 2229 tempora
1103 2147 1183 2211 satis
1206 2145 1382 2211 obscurum

231 2261 332 2335 atque
362 2252 449 2315 nube
484 2249 619 2334 plenum
651 2257 685 2313 et
719 2249 865 2333 undique
899 2250 1072 2315 confusum
1107 2247 1227 2336 luerat)
1256 2259 1291 2315 et
1319 2247 1382 2313 hoc

230 2353 438 2420 humanitate
461 2362 658 2436 suggerente
679 2349 909 2429 concessimus,
929 2363 966 2418 ut
987 2355 1014 2418 si
1029 2354 1103 2436 quis
1124 2354 1157 2416 in
1178 2351 1285 2418 servili
1306 2371 1383 2442 ¹con-

231 2459 333 2523 sortio
356 2457 555 2523 constitutus
575 2456 715 2519 liberum
736 2455 790 2519 vel
812 2455 932 2522 liberos
954 2456 1108 2522 habuerit
1127 2458 1195 2522 sive
1217 2477 1262 2520 ex
1281 2455 1383 2520 libera

232 2563 301 2628 sive
323 2561 447 2628 servilis
473 2560 676 2626 condicionis
701 2558 845 2635 muliere,
870 2562 923 2625 vel
947 2573 1062 2639 contra
1084 2583 1177 2628 serva
1200 2561 1316 2626 mulier
1338 2583 1382 2625 ex

230 2665 334 2731 libero
357 2665 409 2729 vel
437 2685 530 2730 servo
556 2661 709 2728 habuerit
738 2662 857 2730 liberos
884 2667 1120 2748 cuiuscumque
1148 2687 1256 2740 sexus,
1279 2675 1313 2730 et
1339 2664 1382 2728 ad

231 2771 421 2834 libertatem
441 2768 492 2834 his
514 2769 780 2854 pervenientibus
802 2779 835 2833 et
855 2769 898 2844 hi,
915 2772 971 2854 qui
993 2791 1037 2834 ex
1058 2770 1166 2835 servili
1183 2779 1298 2834 ventre
1314 2771 1383 2834 nati

233 2883 318 2952 sunt,
342 2873 529 2938 libertatem
553 2881 750 2950 meruerunt,
773 2873 825 2936 vel
848 2873 928 2937 dum
954 2873 1107 2939 mulieres
1131 2873 1255 2938 liberae
1281 2886 1383 2954 erant,

233 2978 295 3060 ipsi
326 2977 359 3040 in
389 2977 582 3042 servitutem
613 2997 670 3042 eos
700 2975 885 3042 habuerunt
912 2985 945 3042 et
974 2987 1092 3061 postea
1121 2977 1164 3042 ad
1195 2977 1382 3043 libertatern

232 3092 460 3166 pervenerunt,
491 3089 529 3146 ut
557 3079 593 3144 hi
623 3100 739 3145 omnes
769 3081 811 3146 ad
842 3082 1084 3147 successionem
1113 3081 1167 3146 vel
1196 3083 1301 3167 patris
1329 3081 1383 3147 vel

232 3190 347 3254 matris
361 3189 503 3263 veniant,
520 3198 715 3273 patronatus
737 3187 805 3252 iure
826 3189 860 3252 in
875 3188 937 3253 hac
958 3199 1053 3272 parte
1068 3188 1195 3272 sopito:
1218 3187 1279 3252 hos
1295 3187 1382 3251 enim

231 3291 352 3358 liberos
380 3273 449 3356 ¹non
480 3292 588 3358 solum
615 3293 648 3356 in
674 3313 807 3357 suorum
832 3293 1019 3376 parentium
1047 3292 1298 3368 successionem,
1324 3289 1382 3355 sed

231 3397 332 3461 etiam
359 3397 501 3460 alterum
526 3397 560 3460 in
586 3395 720 3462 alterius
749 3407 899 3461 mutuam
922 3397 1162 3463 successionem
1184 3396 1382 3474 vocavimus,

233 3521 276 3564 ex
307 3500 362 3564 illa
393 3499 466 3582 lege
496 3499 684 3583 specialiter
709 3521 765 3566 eos
794 3511 960 3579 vocantes,
987 3501 1055 3566 sive
1085 3499 1146 3566 soli
1177 3500 1384 3563 inveniantur

232 3605 338 3685 quiin
358 3605 516 3668 servitute
539 3605 607 3667 nati
628 3613 662 3667 et
681 3613 797 3686 postea
822 3605 1014 3670 manumissi
1036 3614 1122 3682 sunt,
1143 3605 1212 3670 sive
1227 3624 1292 3667 una
1307 3623 1382 3667 cum

232 3709 314 3785 aliis,
344 3708 401 3790 qui
430 3717 507 3790 post
536 3707 723 3772 libertatem
748 3711 933 3792 parentium
961 3709 1112 3792 concepti
1137 3693 1219 3773 'sunt
1242 3709 1310 3772 sive
1338 3727 1382 3770 ex

233 3811 349 3876 eadem
373 3821 479 3875 matre
498 3810 551 3876 vel
575 3807 693 3875 eodem
710 3821 805 3895 patre
827 3813 896 3878 sive
919 3833 963 3877 ex
982 3812 1057 3876 aliis
1080 3813 1212 3894 nuptiis,
1233 3813 1276 3876 ad
1294 3811 1383 3876 simi·

232 3916 405 3980 litudinem
422 3936 536 3980 eorum
552 3915 608 4000 qui
624 3935 668 3980 ex
685 3917 779 3982 iustis
794 3916 916 4002 nuptiis
932 3917 1093 4001 procreati
1109 3926 1195 3981 sunt.

267 4107 327 4159 vlt
340 4107 396 4158 Ἦ.
412 4101 426 4174 ξ
440 4106 469 4160 9.
489 4105 546 4158 For
560 4121 578 4158 a
594 4103 788 4174 genealogical
806 4105 883 4161 table
898 4104 1055 4175 exhibiting
1072 4104 1121 4159 the
1138 4103 1256 4173 degrees
1274 4102 1307 4158 oi
1318 4118 1383 4172 cog-

234 4186 333 4243 nation
346 4204 394 4244 see
409 4189 543 4243 Hunter's
556 4189 668 4244 Roman
684 4189 750 4244 Law
762 4205 789 4259 p.
803 4190 865 4258 651.
964 4200 967 4206 ’

268 4269 282 4342 ξ
297 4274 341 4326 10.
370 4271 411 4326 Cf.
426 4271 492 4340 Dig.
506 4271 548 4340 38.
571 4271 633 4326 8.1.
654 4285 669 4325 a
692 4271 760 4326 ‘nec
790 4271 866 4327 enim
890 4271 972 4327 facile
990 4271 1048 4326 ulla
1068 4269 1176 4326 servilis
1193 4267 1303 4324 videtur
1320 4285 1384 4324 esse

233 4353 365 4424 cognatio
375 4355 393 4419 3'
415 4371 447 4409 so
460 4364 517 4423 too,
531 4353 559 4408 in
574 4353 640 4422 Dig.
651 4355 694 4422 38.
711 4370 749 4410 ro
768 4371 808 4410 ιο.
824 4367 847 4425 5,
861 4354 882 4410 it
895 4354 918 4409 is
931 4355 993 4409 said
1006 4355 1075 4424 that,
1088 4354 1196 4424 though
1209 4353 1316 4422 loosely
1329 4367 1383 4407 one

234 4455 300 4506 may
316 4436 404 4507 speak
417 4437 450 4492 ol
459 4437 551 4494 slaves
564 4453 596 4494 as
609 4437 696 4508 being
708 4437 757 4493 kin
773 4449 803 4494 to
816 4453 870 4496 one
886 4439 1013 4508 another,
1027 4437 1081 4495 ‘ad
1095 4437 1172 4510 leges
1190 4436 1305 4493 serviles
1318 4451 1384 4508 cog·
