3176 5022
219 335 282 408 342
424 311 777 384 rrvsr'rrurrorvurr
794 321 913 379 nram
932 317 1169 395 ovnrruon.
1248 321 1369 387 [mm.

220 492 324 559 secuti
349 501 433 568 sunt,
450 477 516 558 alia
538 491 624 557 civili
648 489 783 567 ratione,
799 489 832 556 id
856 495 907 553 est
929 483 1200 572 emancipatione,
1215 486 1367 571 perdunt.

173 605 207 662 12
221 598 351 662 Eadem
365 597 448 663 haec
464 598 681 662 observantur
695 606 730 661 et
745 595 778 659 in
799 615 839 659 ea
860 593 1022 658 bonorum
1038 593 1253 676 possessione,
1268 609 1370 676 quam

220 711 336 767 contra
361 701 492 766 tabulas
517 701 708 766 testamenti
734 699 880 784 parentis
904 697 1015 762 liben‘s
1041 697 1234 780 praeteritis,
1257 697 1291 760 id
1319 700 1370 760 est

220 826 327 889 neque
355 803 532 870 heredibus
569 803 728 870 institutis
765 823 873 887 neque
908 812 946 868 ut
981 810 1114 886 oportet
1150 799 1370 878 exheredatis,

220 917 352 992 praetor
367 908 550 992 pollicetur.
594 928 672 972 nam
688 929 745 973 eos
759 907 903 990 quidem,
918 905 974 989 qui
993 906 1026 970 in
1045 913 1211 988 potestate
1224 903 1371 986 parentis

221 1013 337 1078 mortis
352 1022 503 1097 tempore
526 1011 667 1087 fuerunt,
683 1019 718 1078 et
739 1013 964 1095 emancipatos
977 1021 1075 1076 vocat
1091 1018 1223 1093 praetor
1236 1009 1280 1074 ad
1296 1027 1371 1072 eam

220 1116 383 1181 bonorum
411 1116 672 1200 possessionem:
712 1137 770 1181 eos
799 1136 887 1192 vero,
911 1114 968 1199 qui
998 1115 1031 1178 in
1061 1114 1219 1197 adoptiva
1247 1111 1372 1176 familia

220 1219 353 1286 fuerunt
372 1241 431 1303 per
452 1219 515 1286 hoc
538 1229 678 1303 tempus,
700 1240 767 1303 quo
790 1211 957 1284 naturalis¹
971 1237 1089 1302 parens
1111 1225 1299 1291 moreretur,
1321 1237 1370 1280 re-

222 1323 326 1406 pellit.
372 1325 452 1389 item
469 1323 644 1408 adoptivos
660 1322 781 1388 liberos
804 1323 1030 1406 emancipatos
1045 1323 1088 1386 ab
1104 1322 1261 1405 adoptivo
1276 1328 1371 1405 patre

222 1426 307 1491 sieut
329 1427 373 1491 ab
394 1427 560 1504 intestato,
580 1427 627 1492 ita
643 1425 744 1511 longe
767 1425 876 1491 minus
898 1436 1014 1492 contra
1033 1425 1163 1491 tabulas
1178 1424 1372 1492 testamenti

223 1531 267 1594 ad
290 1529 379 1595 bona
404 1531 475 1601 eius
500 1530 658 1607 admittit,
685 1530 763 1613 quia
790 1530 946 1595 desinunt
976 1531 1009 1594 in
1034 1529 1212 1595 liberorum
1236 1547 1373 1592 numero

178 1641 210 1699 1³
224 1654 305 1700 esse.
349 1633 565 1700 Admonendi
583 1643 696 1699 tamen
719 1653 833 1699 sumus
855 1656 921 1712 eos,
942 1634 998 1718 qui
1021 1634 1053 1699 in
1073 1633 1231 1716 adoptiva
1250 1631 1374 1697 familia

224 1748 301 1804 sunt
316 1739 414 1822 quive
428 1748 504 1822 post
528 1749 669 1805 mortem
692 1739 849 1805 naturalis
871 1738 1017 1823 parentis
1039 1739 1082 1804 ab
1103 1739 1262 1821 adoptivo
1279 1747 1374 1821 patre

224 1843 422 1926 emancipati
437 1843 564 1920 fuerint,
581 1845 739 1909 intestato
757 1852 895 1927 parente
917 1843 1058 1910 naturali
1081 1852 1212 1908 mortuo
1233 1833 1312 1906 licet
1334 1861 1375 1904 ea

224 1954 321 2030 parte
343 1946 451 2022 edicti,
476 1967 543 2030 qua
567 1946 662 2013 liberi
683 1946 728 2012 ad
753 1948 917 2012 bonorum
944 1946 1186 2031 possessionem
1204 1954 1375 2022 vocantur,

225 2069 292 2114 non
312 2051 539 2129 admittantur,
553 2049 619 2116 alia
639 2059 753 2116 tamen
775 2062 870 2136 parte
884 2051 1003 2129 vocari,
1026 2052 1059 2116 id
1084 2060 1134 2117 est
1156 2071 1222 2134 qua
1243 2047 1376 2132 cognati

225 2152 371 2219 defuncti
395 2162 562 2220 vocantur.
606 2175 651 2220 ex
677 2175 743 2238 qua
767 2165 862 2238 parte
889 2156 935 2221 ita
960 2156 1190 2233 admittuntur,
1216 2154 1243 2217 si
1269 2172 1376 2236 neque

225 2257 276 2322 sui
297 2257 436 2323 heredes
457 2257 551 2322 liberi
575 2279 682 2342 neque
705 2259 903 2343 emancipati
926 2259 1061 2324 obstent
1084 2277 1190 2341 neque
1211 2257 1376 2340 adgnanrs

226 2361 361 2446 quidem
377 2361 462 2426 ullus
477 2362 691 2428 interveniat:
714 2373 792 2428 ante
807 2365 896 2428 enim
912 2373 1045 2448 praetor
1060 2363 1180 2428 liberos
1194 2371 1292 2428 vocat
1306 2370 1376 2426 tam

227 2487 304 2531 suos
329 2466 467 2532 heredes
492 2487 593 2551 quam
619 2469 855 2552 emancipatos,
881 2469 1002 2534 deinde
1032 2467 1199 2552 legitimos
1227 2465 1378 2544 heredes,

180 2581 214 2636 14
228 2569 348 2635 deinde
364 2570 535 2653 proximos
551 2580 721 2655 cognatos.
768 2571 836 2637 Sed
852 2594 892 2637 ea
907 2574 1020 2638 omnia
1037 2571 1226 2656 antiquitati
1241 2569 1377 2654 quidem

228 2672 442 2758 placuerunt:
479 2674 625 2758 aliquam
661 2685 775 2740 autem
813 2677 1080 2742 emendationem
1109 2697 1130 2742 a
1160 2684 1271 2740 nostra
1301 2692 1379 2739 con·

229 2777 400 2844 stitutione
413 2789 621 2864 acceperunt,
637 2799 738 2862 quam
754 2800 853 2864 super
867 2781 918 2846 his
932 2783 1079 2867 personis
1097 2781 1276 2865 posuimus,
1294 2797 1379 2862 quae

229 2902 250 2946 a
272 2881 421 2966 patribus
443 2884 511 2948 suis
535 2883 739 2956 naturalibus
764 2885 798 2948 in
822 2886 1037 2968 adoptionem
1063 2885 1135 2950 aliis
1157 2885 1286 2950 dantur.
1331 2883 1379 2945 in-

229 2987 378 3050 venimus
397 2987 521 3052 etenim
542 2988 718 3054 nonnullos
738 3009 840 3069 casus,
856 2991 1023 3074 inquibus
1045 2991 1103 3055 filii
1123 2998 1158 3056 et
1180 2986 1379 3053 naturalium

230 3097 406 3173 parentum
436 3092 677 3156 successionem
714 3101 850 3176 propter
872 3094 1088 3176 adoptionem
1116 3093 1316 3159 amittebant
1346 3101 1380 3156 et

230 3193 411 3277 adoptione
425 3193 521 3260 facile
536 3215 595 3279 per
610 3196 908 3280 emancipationem
928 3197 1038 3261 soluta
1052 3197 1096 3260 ad
1117 3196 1261 3262 neutrius
1277 3195 1381 3279 patris

230 3297 471 3363 successionem
494 3300 707 3366 vocabantur.
759 3299 823 3366 hoc
845 3300 943 3366 solito
966 3320 1058 3365 more
1082 3301 1280 3384 corrigentes
1303 3319 1380 3365 con·

230 3401 436 3467 stitutionem
458 3405 655 3486 scripsimus,
671 3425 730 3488 per
749 3424 850 3489 quam
873 3403 1092 3480 definivimus,
1108 3403 1241 3487 quando
1263 3423 1381 3486 parens

231 3507 389 3572 naturalis
410 3507 514 3572 filium
536 3529 632 3574 suum
655 3511 883 3594 adoptandum
903 3509 959 3574 alii
975 3509 1113 3589 dederit,
1128 3509 1255 3594 integra
1269 3509 1382 3575 omnia

268 3771 343 3839 §ta
363 3771 419 3827 See
433 3788 470 3826 ou
484 3772 537 3828 Bk.
551 3771 579 3830 ii.
595 3787 634 3843 13.
648 3791 689 3844 pr.
703 3791 778 3846 supr.

269 3855 343 3922 §la
362 3857 419 3910 For
437 3856 485 3912 the
503 3856 592 3927 rights
611 3859 644 3912 of
658 3868 793 3928 cognates
812 3875 861 3916 see
876 3859 933 3917 Tit.
948 3871 962 3930 5
976 3860 1034 3916 and
1050 3868 1140 3928 notes,
1157 3858 1206 3914 inf.
1242 3858 1306 3914 The
1323 3857 1383 3914 rule

233 3938 301 3994 here
322 3939 416 3994 stated
436 3939 488 3995 did
511 3949 561 3996 not
582 3942 668 4012 apply
689 3958 760 3998 even
782 3943 879 3999 before
900 3943 1042 4014 Justinian
1065 3943 1089 3998 if
1106 3943 1155 3999 the
1167 3942 1259 3998 ¹effect
1282 3942 1314 3996 of
1335 3943 1384 3998 the

234 4021 370 4093 adoption
384 4040 442 4079 vas
457 4033 508 4080 not
524 4033 555 4079 to
571 4025 692 4081 transfer
708 4026 757 4081 the
773 4026 925 4097 adoptatus
938 4037 968 4082 to
980 4045 998 4082 a
1010 4045 1073 4082 new
1086 4026 1216 4098 cognatis
1232 4025 1339 4096 family,
1351 4041 1383 4080 as

235 4121 294 4176 og.
304 4106 396 4162 where
415 4107 452 4162 he
470 4123 528 4162 was
549 4107 674 4178 adopted
695 4108 734 4179 by
752 4125 770 4164 a
787 4111 916 4179 patemal
935 4109 1112 4166 ascendant:
1134 4110 1202 4165 here
1221 4109 1257 4164 he
1276 4107 1385 4164 ranked

235 4205 341 4259 among
352 4188 441 4258 liberi,
455 4189 522 4262 Dig.
534 4204 578 4260 37.
591 4207 618 4260 4.
631 4205 655 4261 3.
669 4205 685 4260 7
699 4191 757 4247 and
769 4193 786 4248 8
799 4213 807 4260 ς
826 4192 863 4249 ib.
877 4208 919 4249 21.
937 4209 957 4248 1.
996 4195 1035 4250 So
1048 4204 1097 4250 too
1110 4193 1160 4248 ifa
1172 4191 1384 4263 paterfamilias,

235 4273 307 4328 after
319 4273 530 4346 emancipating
541 4293 559 4331 a
571 4291 632 4345 son,
642 4292 714 4346 gave
724 4267 842 4332 himself
850 4276 879 4332 in
892 4277 1068 4349 adrogation,
1079 4279 1191 4334 theson
1202 4275 1251 4332 did
1263 4286 1313 4331 not
1324 4277 1385 4332 lose

236 4355 280 4412 his
293 4355 367 4426 right
380 4356 412 4411 of
421 4358 592 4429 succeeding
605 4358 633 4414 in
647 4360 695 4416 the
709 4359 769 4417 first
783 4361 866 4431 class,
881 4361 946 4431 Dig.
960 4361 1013 4416 loc.
1027 4361 1073 4418 cit.
1087 4377 1112 4430 3.
1126 4375 1150 4431 p

271 4439 286 4508 ᾗ
301 4441 346 4495 14.
369 4441 431 4497 The
451 4441 506 4498 SC.
525 4442 688 4499 Afinianum
709 4443 768 4500 had
786 4443 907 4502 anacted
925 4445 986 4502 that
1006 4444 1030 4500 if
1044 4461 1062 4502 a
1079 4445 1172 4502 father
1189 4461 1262 4515 gave
1280 4458 1335 4499 one
1356 4439 1390 4498 of
