3112 5016
259 337 325 405 5¹4
462 333 813 392 rwsrrrurronurr
832 334 950 389 cram
968 334 1204 407 QUATTUOR.
1290 336 1407 404 [nuw-

261 501 373 582 possit,
397 502 514 584 culpae
540 521 614 565 reus
643 508 711 564 est:
743 499 770 564 si
800 500 1033 585 praeclamavit
1058 521 1164 583 neque
1195 500 1250 564 ille
1280 501 1405 564 curavit

260 623 384 680 cavere,
403 615 499 670 extra
521 605 652 688 culpam
676 615 725 670 est
748 613 892 688 putator.
936 624 1041 688 aeque
1064 615 1159 668 extra
1181 605 1313 687 culpam
1333 625 1405 668 esse

260 707 467 791 intellegitur,
483 709 510 772 si
526 730 672 773 seorsum
684 730 705 772 a
715 711 768 772 via
783 709 868 773 sorte
882 709 935 772 vel
950 711 983 772 in
999 707 1108 772 medio
1123 708 1226 772 fundo
1238 708 1405 785 caedebat,

258 811 335 876 licet
356 833 422 877 non
440 813 682 896 praeclamavit,
702 813 779 894 quia
797 833 837 877 eo
858 811 931 876 loco
952 811 1032 874 nulli
1051 821 1211 875 extraneo
1230 812 1279 876 ius
1300 811 1405 875 suerat

227 919 419 983 6versandi.
480 919 653 982 Praeterea
682 919 709 980 si
740 917 895 995 medicuS,
925 917 981 999 qui
1011 937 1140 979 servum
1169 925 1264 980 tuum
1294 917 1404 994 secuit,

258 1021 467 1106 dereliquerit
496 1023 699 1087 curationem
727 1031 828 1104 atque
854 1021 898 1084 ob
925 1021 958 1084 id
986 1029 1133 1084 mortuus
1163 1021 1259 1084 fuerit
1284 1041 1404 1097 servus,

228 1139 245 1192 7
258 1127 375 1210 culpae
391 1149 465 1192 reus
481 1137 540 1192 est
585 1127 755 1209 Imperitia
771 1145 903 1208 quoque
918 1124 1034 1207 culpae
1049 1125 1292 1201 adnumeratur,
1304 1123 1404 1188 veluti

258 1231 284 1294 si
297 1233 445 1296 medicus
457 1233 533 1296 ideo
544 1251 675 1296 servum
690 1240 783 1294 tuum
796 1230 960 1305 occiderit,
974 1229 1062 1311 quod
1073 1249 1148 1293 eum
1165 1227 1251 1292 male
1266 1229 1405 1292 secuerit

227 1343 316 1406 aaut
330 1357 504 1419 perperam
520 1337 549 1400 ei
568 1335 846 1400 medicamentum
862 1333 998 1398 dederit.
1038 1333 1169 1414 Impetu
1185 1353 1317 1415 quoque
1333 1353 1405 1396 mu·

256 1439 371 1516 larum,
396 1461 478 1522 quas
497 1439 598 1504 mulio
621 1448 754 1523 propter
775 1438 973 1521 imperitiam
997 1438 1138 1502 retinere
1160 1457 1226 1500 non
1249 1437 1403 1519 potuerit,

256 1545 283 1607 si
298 1564 411 1608 servus
426 1554 502 1608 tuus
522 1563 698 1626 oppressus
719 1541 825 1616 suerit,
843 1541 960 1623 culpae
975 1561 1049 1604 reus
1070 1551 1120 1604 est
1141 1542 1251 1606 mulio.
1295 1542 1352 1605 sed
1370 1551 1404 1606 et
1439 1623 1445 1634 Ι

256 1651 283 1712 si
306 1657 442 1732 propter
463 1647 688 1711 infirmitatem
713 1647 853 1709 retinere
876 1665 931 1708 eas
957 1665 1023 1708 non
1047 1647 1200 1727 potuerit,
1222 1666 1297 1710 cum
1319 1645 1404 1709 alius

255 1753 379 1817 firmior
400 1753 540 1816 retinere
558 1751 727 1835 potuisset,
748 1772 855 1834 aeque
875 1750 992 1832 culpae
1010 1758 1150 1815 tenetur.
1195 1751 1311 1814 eadem
1332 1749 1404 1832 pla·

256 1867 392 1920 cuerunt
408 1856 450 1920 de
471 1877 510 1919 eo
525 1876 665 1939 quoque,
680 1855 748 1938 qui,
764 1875 838 1918 cum
860 1875 945 1937 equo
959 1853 1141 1933 veheretur,
1157 1855 1316 1938 impetum
1333 1855 1403 1918 eius

255 1970 312 2024 aut
328 1970 462 2043 propter
477 1959 703 2023 infirmitatem
718 1967 775 2021 aut
791 1967 926 2040 propter
941 1959 1139 2040 imperitiam
1155 1979 1248 2022 suam
1265 1959 1403 2022 retinere

225 2081 321 2134 nnon
343 2063 497 2147 potuerit.
544 2062 608 2126 His
631 2071 743 2125 autem
761 2061 869 2123 verbis
890 2061 971 2144 legis
988 2062 1119 2144 ‘quanti
1140 2061 1173 2125 id
1198 2063 1231 2125 in
1253 2083 1293 2125 eo
1315 2083 1403 2126 anno

255 2167 386 2252 plurimi
409 2164 520 2232 suerit’
540 2165 596 2230 illa
616 2165 780 2230 sententia
802 2166 1006 2247 exprimitur,
1029 2175 1067 2230 ut
1089 2165 1116 2228 si
1139 2166 1212 2247 quis
1232 2164 1402 2231 hominem

255 2281 359 2347 tuum,
375 2272 432 2355 qui
447 2272 546 2337 hodie
562 2270 697 2336 claudus
712 2279 769 2333 aut
787 2267 897 2334 luscus
917 2277 976 2332 aut
997 2289 1132 2332 mancus
1153 2269 1222 2348 erit,
1238 2271 1401 2350 occiderit,

255 2377 310 2459 qui
329 2377 362 2440 in
379 2399 419 2441 eo
435 2397 521 2441 anno
536 2377 663 2458 integer
678 2383 736 2438 aut
756 2373 920 2456 pretiosus
935 2373 1044 2448 suerit,
1060 2393 1126 2436 non
1141 2374 1225 2437 tanti
1241 2385 1400 2446 teneatur,

253 2480 367 2562 quanti
383 2481 409 2544 is
425 2479 525 2544 hodie
541 2480 610 2553 erit,
627 2479 686 2542 sed
706 2478 820 2562 quanti
838 2479 870 2541 in
887 2499 926 2542 eo
942 2497 1028 2541 anno
1050 2477 1181 2560 plurimi
1197 2479 1303 2544 suerit.
1334 2501 1400 2564 qua

254 2585 379 2648 ratione
395 2585 555 2648 creditum
571 2591 622 2645 est
638 2581 811 2664 poenalem
828 2602 900 2646 esse
919 2580 1015 2645 huius
1035 2580 1117 2664 legis
1133 2582 1306 2657 actionem,
1322 2585 1400 2666 quia

254 2707 319 2748 non
343 2685 451 2749 solum
474 2687 558 2749 tanti
584 2685 724 2768 quisque
749 2685 922 2767 obligatur,
946 2694 1107 2766 quantum
1129 2686 1241 2750 damni
1264 2688 1400 2766 dederit,

253 2789 311 2851 sed
327 2787 505 2870 aliquando
526 2787 624 2870 longe
642 2787 762 2870 pluris:
786 2789 926 2870 ideoque
945 2797 1074 2852 constat
1095 2789 1128 2852 in
1150 2789 1306 2854 heredem
1325 2813 1399 2855 eam

252 2891 416 2956 actionem
433 2913 499 2955 non
510 2892 657 2966 transire,
670 2911 756 2976 quae
771 2892 947 2956 transitura
962 2892 1085 2968 suisset,
1098 2894 1126 2956 si
1142 2893 1227 2957 ultra
1242 2896 1399 2959 damnum

251 3039 1404 3070 --—........-.-—..„—....-.-.

288 3123 302 3188 §
317 3123 345 3175 θ.
365 3123 405 3175 As
418 3139 436 3176 a
448 3123 562 3192 general
575 3122 634 3176 rule
646 3121 695 3186 the
708 3123 823 3192 penalty
836 3123 868 3177 os
877 3123 925 3178 the
937 3124 982 3178 lex
995 3123 1109 3194 Aquilia
1121 3141 1178 3178 was
1191 3123 1321 3181 incurred
1334 3131 1400 3198 only

251 3204 289 3272 by
310 3203 430 3276 positive
455 3216 516 3260 acts
537 3206 570 3260 ol
587 3205 788 3260 commission:
809 3205 889 3262 ‘sunt
909 3225 1001 3278 casus,
1024 3207 1125 3278 quibus
1151 3220 1244 3264 cessat
1268 3211 1399 3283 Aquiliae
1528 3247 1529 3293 ,

252 3288 326 3344 actio
341 3332 346 3345 .
359 3331 366 3345 .
381 3331 387 3344 .
402 3307 489 3344 ‚nam
508 3287 554 3360 qui
572 3306 670 3358 agrum
688 3305 746 3342 non
766 3289 929 3360 proscindit,
948 3291 995 3362 qui
1015 3293 1087 3347 vites
1105 3309 1162 3346 non
1182 3294 1310 3364 subserit,
1329 3295 1397 3350 item

251 3387 388 3442 aquarum
401 3372 502 3428 ductus
515 3373 655 3442 corrumpi
668 3373 780 3442 patitur,
793 3374 855 3443 lege
868 3374 981 3445 Aquilia
993 3392 1050 3430 non
1064 3377 1189 3430 tenetur’
1203 3377 1268 3446 Dig.
1283 3391 1306 3446 7.
1322 3395 1343 3434 1.
1358 3393 1398 3448 13.

252 3469 275 3509 2.
315 3457 369 3511 But
388 3458 480 3511 where
498 3473 516 3510 a
533 3473 636 3526 person
655 3455 713 3510 had
731 3473 803 3510 once
821 3459 1006 3513 commenced
1022 3477 1040 3514 a
1056 3475 1156 3514 course
1174 3459 1207 3513 ol
1221 3461 1324 3530 action,
1337 3479 1397 3518 ces·

252 3537 343 3592 sarion
353 3539 385 3591 oi
391 3538 482 3592 which
492 3538 584 3592 would
597 3539 633 3594 be
643 3538 798 3594 disastrous
809 3541 844 3601 (e.
849 3558 875 3610 g.
886 3541 934 3596 the
947 3559 1013 3596 case
1026 3541 1054 3596 in
1065 3542 1114 3597 the
1124 3542 1204 3612 text),
1212 3561 1249 3599 an
1259 3545 1395 3602 omission

251 3620 374 3674 entailed
386 3619 513 3690 liability,
527 3621 592 3690 Dig.
606 3635 631 3690 9.
646 3637 670 3675 2.
684 3623 707 3676 8.
723 3639 784 3691 pr.;
804 3622 842 3677 ib.
857 3637 897 3691 27.
912 3639 929 3693 9
943 3645 950 3691 3
968 3625 1005 3680 ib.
1020 3640 1061 3694 31.

287 3705 300 3769 §
315 3707 340 3758 'l.
363 3703 508 3772 Imperitia
521 3702 549 3756 in
563 3721 698 3772 surgeons
712 3705 736 3758 is
749 3706 859 3760 treated
871 3725 903 3761 as
917 3709 999 3777 culpa
1012 3709 1072 3762 also
1085 3709 1113 3762 in
1129 3709 1194 3779 Dig.
1205 3725 1230 3778 9.
1242 3727 1266 3764 2.
1279 3725 1302 3778 7.
1315 3713 1331 3767 8
1344 3733 1351 3778 ;
1369 3712 1398 3766 in

250 3785 393 3854 artificers,
407 3787 444 3841 ib.
457 3799 498 3854 27.
513 3801 565 3856 293
585 3787 641 3842 and
655 3805 804 3858 assessors,
820 3791 887 3860 Dig.
900 3807 924 3846 2.
939 3808 963 3847 2.
976 3808 993 3873 ‚²
1007 3811 1012 3847 :
1036 3792 1071 3846 cl.
1084 3793 1133 3848 the
1145 3804 1212 3849 next
1226 3796 1345 3851 section.

285 3870 343 3936 §8.
363 3869 442 3925 ‘Nec
463 3869 574 3926 videtur
595 3870 730 3942 iniquum,
753 3873 776 3928 si
802 3872 949 3930 infirmitas
973 3876 1072 3946 culpae
1098 3877 1305 3949 adnumeretur,
1331 3898 1396 3936 cum

248 3951 381 4008 affectare
402 3953 465 4025 quis
485 3971 542 4008 non
562 3955 673 4024 debeat,
694 3955 723 4010 in
747 3973 803 4028 quo
825 3959 870 4014 vel
892 3957 1028 4014 intellexit
1047 3959 1092 4014 vel
1115 3960 1278 4032 intellegere
1294 3949 1395 4032 debet,

248 4033 440 4091 infirmitatem
453 4053 534 4091 suam
547 4037 593 4091 alii
607 4037 794 4107 periculosam
806 4041 945 4096 futuram'
959 4041 1024 4111 Dig.
1038 4057 1064 4112 9.
1078 4059 1103 4097 2.
1117 4043 1142 4100 8.
1158 4059 1179 4100 1.

285 4121 300 4188 9
314 4122 341 4177 9.
360 4121 422 4176 The
435 4119 511 4175 actio
523 4121 593 4192 legis
606 4121 736 4193 Aquiliae
749 4142 806 4179 was
819 4127 903 4194 penal
916 4135 965 4180 not
978 4126 1046 4195 only
1055 4127 1098 4180 sor
1106 4127 1155 4182 the
1167 4144 1269 4184 reason
1281 4129 1395 4185 notieed

168 4234 173 4246 ·
248 4203 325 4271 here,
336 4204 387 4258 but
399 4203 460 4258 also
472 4203 595 4260 because
608 4206 656 4260 the
669 4205 843 4277 delinquent,
857 4209 953 4264 unless
966 4210 1015 4264 the
1032 4209 1158 4279 plaintili
1165 4211 1252 4267 failed
1267 4222 1296 4267 to
1309 4229 1396 4282 prove

248 4285 293 4340 his
310 4302 384 4352 case,
397 4303 455 4340 was
472 4287 607 4342 assumed
625 4297 654 4341 to
672 4287 708 4342 be
726 4290 907 4345 condemned
926 4291 997 4346 from
1015 4293 1063 4347 the
1082 4303 1176 4348 outset
1190 4294 1321 4362 (damnas
1333 4306 1396 4350 esto

248 4367 336 4438 dare),
349 4385 382 4422 so
394 4369 456 4424 that
469 4369 493 4424 ii
501 4369 538 4424 he
547 4387 619 4425 were
632 4379 693 4425 cast
707 4369 735 4424 in
746 4372 795 4426 the
808 4373 863 4428 suit
875 4373 947 4428 after
957 4373 1082 4444 denying
1094 4375 1139 4430 his
1152 4376 1278 4446 liability,
1289 4378 1324 4432 he
1338 4395 1394 4436 was

248 4450 426 4508 condemned
439 4451 468 4509 in
481 4453 606 4526 duplum,
620 4453 675 4510 Tit.
688 4452 714 4510 6.
731 4469 769 4525 19·
784 4469 826 4526 23·
840 4455 880 4512 26.
895 4456 952 4528 ini,
967 4457 1055 4516 Gaius
1069 4458 1105 4515 iii.
1121 4459 1192 4527 216;
1210 4459 1246 4516 iv.
1259 4475 1283 4531 9.
1300 4473 1355 4530 171.
