3078 5020
205 329 266 399 150
403 324 507 380 INST
506 323 551 378 [Τ
555 324 611 379 UT
608 322 687 380 ION
690 323 755 378 UM
772 322 893 378 LIBRI
912 322 1148 395 QUATTUOR.
1250 323 1305 390 [Lib
1328 330 1347 380 1.

715 501 830 569 XVII.

412 675 462 726 ou
486 675 671 726 Lamnum
694 673 950 726 unruououuu
973 674 1132 726 ruruen.

246 816 302 880 Ex
325 817 442 882 eadem
465 816 538 900 lege
564 816 739 881 duodecim
764 814 950 878 tabularum
976 815 1168 880 libertorum
1196 825 1229 879 et
1252 815 1350 879 liber-

201 928 309 984 tarum
332 921 436 986 tutela
456 921 500 984 ad
523 930 680 1003 patronos
703 920 887 1001 liberosque
908 939 1020 983 eorum
1041 921 1193 1002 pertinet,
1210 941 1295 1002 quae
1316 927 1351 982 et

201 1025 273 1106 ipsa
293 1024 441 1108 legitima
456 1024 561 1110 tutela
581 1032 733 1088 vocatur:
757 1043 823 1086 non
844 1024 921 1104 quia
941 1025 1137 1088 nominatim
1159 1044 1198 1086 ea
1218 1023 1291 1106 lege
1307 1022 1350 1086 de

200 1126 262 1191 hac
287 1128 392 1192 tutela
419 1138 558 1203 cavetur,
586 1128 644 1190 sed
672 1128 748 1209 quia
774 1127 910 1209 perinde
935 1136 1071 1209 accepta
1098 1138 1148 1191 est
1170 1147 1229 1209 per
1250 1127 1350 1189 inter·

201 1233 430 1313 pretationem,
445 1241 545 1314 atque
568 1232 595 1294 si
619 1231 727 1294 verbis
749 1230 832 1313 legis
854 1231 1041 1294 introducta
1058 1240 1155 1296 esset.
1200 1251 1240 1294 eo
1261 1230 1349 1294 enim

201 1335 282 1416 ips0,
308 1355 374 1416 quo
403 1333 602 1398 hereditates
631 1334 823 1398 libertorum
853 1333 1117 1417 libertatumque‚
1145 1335 1172 1398 si
1202 1333 1350 1397 intestati

202 1439 427 1514 decessissent,
455 1438 592 1502 iusserat
615 1436 672 1501 lex
698 1438 740 1501 ad
767 1446 925 1520 patronos
951 1438 1111 1502 liberosve
1138 1459 1251 1502 eorum
1276 1457 1351 1520 per·

201 1543 313 1619 tinere,
329 1542 536 1606 crediderunt
551 1551 679 1607 veteres
694 1541 836 1606 voluisse
851 1541 959 1623 legem
976 1543 1076 1606 etiam
1092 1541 1212 1608 tutelas
1230 1543 1274 1605 ad
1294 1562 1351 1604 eos

201 1647 371 1729 pertinere,
383 1666 457 1710 cum
471 1655 504 1710 et
519 1647 691 1728 adgnatos,
703 1666 786 1728 quos
801 1647 844 1709 ad
860 1646 1077 1710 hereditatem
1092 1657 1198 1725 vocat,
1214 1646 1350 1710 eosdem

201 1758 235 1813 et
251 1759 376 1814 tutores
392 1771 464 1814 esse
487 1751 580 1814 iussit
601 1759 636 1814 et
658 1751 735 1832 quia
760 1750 961 1833 plerumque,
983 1751 1038 1813 ubi
1062 1751 1275 1814 successionis
1299 1760 1351 1814 est
1408 1803 1410 1806 .

202 1854 472 1931 emolumentum,
499 1854 543 1916 ibi
568 1863 602 1918 et
627 1853 752 1918 tutelae
774 1875 857 1916 onus
879 1875 951 1917 esse
975 1853 1084 1918 debet.
1132 1855 1207 1918 ideo
1237 1863 1351 1917 autem

201 1957 347 2022 diximus
368 1957 568 2042 plerumque,
588 1959 673 2041 quia,
689 1959 716 2022 si
739 1979 759 2020 a
777 1957 900 2022 femina
920 1959 1070 2042 Impubes
1092 1960 1352 2038 manumittatur,

201 2063 271 2144 ipsa
286 2063 329 2126 ad
345 2061 562 2126 hereditatem
578 2071 721 2140 vocatur,
737 2083 811 2126 cum
828 2062 910 2132 alius
926 2072 976 2126 est
992 2071 1090 2129 tutor.

710 2249 842 2313 XVIII.

425 2419 476 2468 ou
499 2419 683 2469 tuoruum
706 2418 930 2470 PARENTIUM
954 2420 1113 2474 cursen.

246 2559 414 2644 Exemplo
428 2568 641 2643 patronorum
658 2568 790 2642 recepta
803 2568 854 2625 est
869 2570 903 2624 et
918 2560 983 2626 alia
997 2559 1113 2638 tutela,
1130 2583 1215 2644 quae
1230 2570 1264 2626 et
1279 2562 1353 2645 ipsa

201 2663 349 2747 legitima
363 2673 506 2729 vocatur.
548 2685 625 2727 nam
648 2665 675 2729 si
695 2665 769 2747 quis
789 2663 892 2728 filium
913 2674 971 2730 aut
993 2665 1105 2744 filiam,
1120 2676 1277 2748 nepotem
1293 2677 1352 2732 aut

200 2776 334 2849 neptem
347 2788 391 2830 ex
408 2765 474 2829 lilio
490 2776 523 2830 et
535 2767 689 2850 deinceps
705 2767 891 2850 impuberes
903 2771 1168 2852 emancipaverit,
1182 2769 1352 2852 legitimus

200 2891 313 2934 eorum
328 2879 419 2934 tutor
435 2871 505 2934 erit.

235 3035 294 3086 'stt
308 3035 412 3086 XVII
433 3032 538 3086 Where
551 3049 569 3086 a
581 3031 697 3086 libertus
710 3031 779 3087 civis
793 3033 859 3088 died
870 3033 1011 3103 intestate,
1019 3033 1125 3104 having
1137 3051 1174 3088 no
1187 3051 1254 3088 suus
1267 3035 1351 3090 heres

202 3115 261 3184 (the
275 3115 409 3185 meaning
421 3115 454 3169 ol
462 3114 586 3170 intestati
601 3115 629 3169 in
643 3117 690 3170 the
703 3117 781 3186 text),
795 3119 843 3172 the
856 3128 956 3188 patron
970 3117 1038 3172 took
1052 3117 1095 3172 his
1110 3128 1243 3187 property
1255 3135 1287 3172 as
1302 3119 1352 3188 (by

201 3217 219 3255 a
233 3199 340 3270 fiction)
354 3199 398 3254 his
415 3210 527 3255 nearest
541 3210 653 3270 agnate,
666 3201 723 3255 and
736 3203 784 3256 the
797 3204 885 3257 tutela
897 3215 970 3258 went
983 3203 1011 3258 in
1025 3204 1073 3258 the
1087 3219 1165 3257 same
1175 3221 1237 3272 way
1246 3221 1283 3258 on
1302 3205 1352 3260 the

200 3285 322 3354 analogy
334 3285 366 3338 ol
375 3285 423 3339 the
436 3283 562 3354 legitima
573 3285 760 3354 adgnatorum
773 3287 869 3341 tutela.
889 3289 944 3342 But
958 3287 1038 3342 when
1051 3303 1069 3341 a
1084 3286 1199 3342 Latinus
1215 3287 1352 3342 lunianus

201 3369 275 3438 (who
294 3368 377 3423 could
396 3367 506 3424 neither
523 3369 596 3422 have
615 3385 632 3424 a
651 3386 717 3422 suus
736 3370 818 3425 heres
831 3387 883 3424 nor
895 3371 978 3424 make
991 3387 1009 3424 a
1022 3369 1087 3438 will)
1101 3369 1175 3438 died,
1189 3371 1236 3424 the
1249 3381 1351 3441 patron

199 3451 268 3506 took
281 3453 329 3506 the
342 3463 475 3522 property
486 3453 551 3520 bya
562 3451 690 3507 different
700 3451 768 3522 title,
779 3451 838 3508 iure
848 3452 948 3524 peculii
961 3454 1023 3522 (Blc
1035 3453 1073 3507 iii.
1082 3466 1106 3520 7.
1117 3452 1210 3520 itini).
1250 3456 1352 3510 Hence

199 3535 247 3590 the
267 3536 429 3590 succession
447 3537 480 3589 ol
494 3537 542 3590 the
559 3535 647 3590 tutela
664 3535 714 3591 did
731 3546 780 3591 not
800 3537 971 3607 necessarily
988 3555 1026 3606 go
1047 3537 1194 3607 together:
1215 3537 1308 3593 ‘unde
1327 3534 1351 3592 s'i

199 3617 302 3673 ancilla
320 3635 355 3672 ex
373 3619 432 3672 iure
446 3618 597 3688 Quiritium
614 3627 663 3673 tua
682 3619 725 3689 sit,
740 3620 768 3674 in
785 3621 868 3676 bonis
885 3638 957 3691 mea,
977 3637 995 3676 a
1011 3638 1057 3676 me
1074 3620 1189 3692 quidem
1206 3622 1275 3688 solo,
1293 3639 1352 3676 non

200 3701 286 3754 etiarn
299 3711 357 3756 ate
370 3701 553 3770 manumissa,
568 3701 669 3757 Latina
682 3703 740 3758 fieri
754 3695 856 3774 potest,
870 3715 898 3760 et
914 3705 990 3760 bona
1006 3705 1066 3760 eius
1083 3703 1120 3758 ad
1137 3721 1183 3759 me
1200 3704 1352 3775 pertinent,

200 3783 252 3838 sed
272 3783 332 3838 eius
350 3786 439 3839 tutela
457 3783 507 3839 tibi
526 3785 680 3854 competit:
700 3804 767 3842 nam
786 3787 824 3843 ita
842 3789 904 3858 lege
925 3788 997 3842 iulia
1016 3790 1141 3844 cavetur'
1155 3788 1244 3844 Gaius
1257 3788 1274 3843 i.
1292 3789 1351 3856 167.

201 3865 271 3919 This
282 3866 305 3920 is
316 3867 435 3921 another
447 3867 594 3938 exception
607 3877 637 3942 to
650 3869 698 3924 the
710 3871 769 3925 rule
782 3870 849 3925 here
858 3872 950 3926 stated
961 3873 999 3941 by
1007 3871 1158 3941 Justinian,
1169 3873 1175 3899 ‘
1185 3872 1352 3943 plerumque

200 3948 247 4004 ubi
262 3949 450 4004 successionis
468 3961 511 4005 est
530 3952 759 4022 emolumentum,
773 3954 811 4008 ibi
825 3965 852 4009 et
866 3956 970 4009 tutelae
988 3971 1059 4009 onus
1075 3971 1138 4010 esse
1155 3955 1258 4010 debet!
1297 3956 1325 4010 ll
1334 3973 1352 4012 a

199 4033 258 4088 free
271 4051 374 4104 person
388 4033 416 4087 in
430 4033 572 4105 mancipio
585 4053 657 4090 were
671 4037 858 4092 manumitted
871 4039 953 4093 while
966 4037 1096 4109 impubes
1108 4039 1147 4108 by
1156 4039 1201 4093 his
1214 4039 1351 4110 superior,

200 4117 279 4171 there
292 4116 397 4186 having
411 4117 484 4172 been
502 4135 540 4172 no
559 4117 662 4173 fiducia
677 4121 753 4189 (note
767 4138 804 4175 on
815 4122 871 4178 Tit.
885 4138 923 4178 12.
937 4123 954 4178 6
967 4123 1054 4195 supr.)
1066 4123 1191 4178 between
1206 4125 1255 4178 the
1268 4124 1352 4179 latter

200 4198 257 4255 and
276 4201 325 4254 the
344 4211 432 4269 pater,
446 4202 494 4255 the
512 4201 639 4272 superior
656 4203 774 4258 became
792 4215 936 4274 patronus,
950 4207 1007 4261 and
1026 4207 1091 4261 thus
1108 4217 1184 4261 tutor
1198 4206 1351 4276 legitimus.

201 4284 257 4336 For
270 4300 349 4338 some
363 4285 488 4338 remarks
502 4302 539 4339 on
552 4287 600 4340 the
614 4285 837 4356 ‘interpretatio'
848 4289 881 4342 ol
887 4290 935 4345 the
949 4291 1007 4343 Xll
1020 4291 1125 4345 Tables
1137 4290 1195 4346 and
1208 4291 1290 4345 other
1302 4290 1351 4345 old

199 4376 318 4420 statutes
333 4383 380 4420 see
395 4368 516 4422 General
532 4369 639 4423 lntrod.
652 4386 678 4440 p.
692 4384 725 4440 45
740 4388 815 4442 supr.

234 4451 294 4502 'Ila
307 4451 430 4504 XVIII.
453 4451 478 4504 lt
491 4451 559 4506 does
573 4461 622 4506 not
636 4469 713 4507 seem
727 4455 787 4510 that
800 4472 856 4526 any
872 4473 987 4527 express
1005 4465 1110 4512 statute
1126 4456 1184 4512 had
1201 4455 1351 4512 conferred

1530 700 1535 803 l
