3112 5016
207 311 272 382 504
410 306 483 360 INS
488 305 559 360 TIT
561 304 760 360 UTIONUM
778 303 896 358 LIBRI
915 301 1151 374 QUATTUOR.
1239 305 1303 371 [Lib.
1316 309 1360 358 lv.

161 487 192 544 11
253 471 424 538 Interdum
448 469 525 536 furti
543 478 682 546 tenetur,
699 471 755 552 qui
771 471 841 553 ipse
861 469 985 534 lurtum
1008 491 1074 534 non
1097 468 1227 534 iecerit:
1250 469 1358 553 qualis

209 589 270 654 est,
286 577 376 641 cuius
397 597 461 658 ope
482 585 516 640 et
536 575 672 639 consilio
691 574 816 638 lurtum
836 574 961 639 sactum
984 583 1044 637 est.
1089 573 1204 655 inquo
1220 593 1358 638 numero

210 691 270 756 est,
286 682 342 763 qui
358 681 419 744 tibi
435 699 589 742 nummos
605 678 761 750 excussit,
777 687 813 742 ut
828 677 911 741 alius
927 697 984 740 eos
1002 687 1140 760 raperet,
1156 688 1214 741 aut
1229 677 1359 740 obstitit

209 786 279 862 tibi,
306 794 342 848 ut
366 783 450 848 alius
477 803 546 846 rem
573 793 666 846 tuam
690 783 868 864 exciperet,
895 781 948 844 vel
973 802 1051 844 oves
1075 791 1134 846 aut
1156 781 1259 845 boves
1284 791 1358 845 tuas

210 889 383 972 fugaverit,
406 897 443 952 ut
467 887 551 950 alius
574 908 630 951 eas
653 887 841 968 exciperet:
866 895 899 949 et
921 885 984 949 hoc
1006 894 1135 949 veteres
1160 886 1359 968 scripserunt

210 995 253 1058 de
284 1013 334 1068 eo,
365 993 421 1074 qui
451 1012 563 1074 panno
593 991 691 1054 rubro
724 990 849 1073 fugavit
879 999 1076 1054 armentum.
1135 991 1196 1053 sed
1222 991 1249 1052 si
1279 989 1358 1071 quid

211 1117 324 1162 eorum
348 1117 408 1178 per
433 1095 601 1159 lasciviam
625 1105 658 1158 et
685 1114 751 1158 non
781 1095 861 1157 data
887 1113 995 1175 opera,
1022 1103 1060 1156 ut
1086 1093 1209 1157 furtum
1239 1093 1359 1157 admit·

211 1211 344 1274 teretur,
360 1200 485 1264 factum
507 1208 565 1277 est,
586 1201 619 1262 in
640 1198 763 1262 lactum
781 1198 868 1262 actio
891 1197 961 1260 dari
982 1197 1112 1262 debeat.
1157 1209 1193 1262 at
1217 1197 1273 1261 ubi
1296 1217 1360 1280 ope

213 1305 335 1368 Maeuii
351 1304 459 1368 Titius
475 1303 597 1367 lurtum
610 1302 732 1378 lecerit,
748 1303 848 1365 ambo
863 1301 939 1364 furti
952 1309 1114 1364 tenentur.
1145 1321 1209 1383 ope
1225 1302 1360 1366 consilio

213 1409 282 1472 eius
303 1429 436 1491 quoque
457 1407 580 1471 furtum
603 1407 735 1471 admitti
750 1408 890 1484 videtur,
906 1406 962 1488 qui
981 1405 1087 1468 scalas
1106 1404 1190 1469 sorte
1210 1405 1361 1468 fenestris

212 1513 369 1594 supponit
392 1521 449 1576 aut
470 1511 558 1594 ipsas
574 1511 734 1576 fenestras
753 1510 806 1574 vel
827 1511 949 1573 ostium
971 1508 1124 1592 effringit,
1142 1519 1178 1574 ut
1197 1509 1280 1572 alius
1296 1509 1360 1572 sur-

213 1627 285 1680 tum
308 1615 438 1694 laceret,
454 1617 551 1698 quive
572 1615 770 1680 ferramenta
793 1616 835 1678 ad
859 1613 1101 1697 effringendum
1121 1623 1178 1677 aut
1198 1613 1304 1677 scalas
1324 1623 1362 1678 ut

213 1721 364 1785 fenestris
397 1729 661 1803 supponerentur
695 1719 963 1796 commodaverit,
992 1718 1098 1782 sciens
1131 1717 1223 1781 cuius
1256 1718 1362 1800 gratia

213 1826 481 1888 commodaverit.
513 1833 600 1888 certe
614 1825 671 1906 qui
687 1823 810 1886 nullam
826 1842 961 1904 operam
978 1823 1020 1885 ad
1038 1823 1159 1885 lurtum
1175 1821 1362 1885 laciendum

213 1929 374 2005 adhibuit,
398 1930 455 1993 sed
480 1939 610 1993 tantum
635 1927 806 1992 consilium
828 1927 920 1990 dedit
942 1935 1042 2009 atque
1068 1926 1218 1990 hortatus
1243 1935 1293 1990 est
1319 1925 1362 1988 ad

168 2043 200 2098 12
215 2034 337 2098 lurtum
360 2033 556 2109 laciendum,
581 2053 646 2096 non
669 2041 801 2096 tenetur
822 2030 909 2094 lurti.
957 2031 1012 2109 Hi,
1035 2032 1091 2114 qui
1119 2031 1152 2093 in
1179 2031 1363 2112 parentium

214 2140 266 2203 vel
288 2139 497 2203 dominorum
520 2145 687 2221 potestate
709 2147 795 2210 sunt,
819 2136 846 2199 si
870 2155 939 2199 rem
962 2137 1008 2199 eis
1031 2137 1223 2217 subripiant,
1240 2135 1363 2199 lurtum

214 2243 350 2326 quidem
366 2243 429 2306 illis
445 2241 568 2306 iaciunt
584 2251 617 2305 et
638 2262 689 2305 res
710 2241 742 2303 in
766 2239 919 2303 furtivam
937 2259 1070 2303 causam
1087 2239 1175 2304 cadit
1195 2259 1254 2304 nec
1270 2239 1313 2304 ob
1330 2239 1363 2302 id

215 2349 258 2412 ab
283 2348 350 2411 ullo
375 2346 509 2428 usucapi
532 2355 652 2428 potest,
677 2354 857 2427 antequam
883 2345 917 2406 in
940 2345 1065 2408 domini
1088 2353 1289 2426 potestatem
1315 2365 1364 2407 re-

214 2461 367 2528 vertatur,
390 2449 450 2514 sed
473 2449 550 2512 furti
572 2450 659 2513 actio
682 2469 747 2512 non
779 2448 931 2523 nascitur,
958 2449 1034 2530 quia
1058 2468 1117 2512 nec
1144 2447 1274 2512 exalia
1297 2447 1364 2511 ulla

215 2575 313 2619 causa
328 2563 439 2638 potest
455 2553 540 2617 inter
555 2574 611 2616 eos
626 2554 713 2617 actio
730 2553 838 2617 nasci:
865 2553 891 2614 si
906 2572 985 2615 vero
1001 2573 1065 2634 ope
1080 2551 1216 2615 consilio
1231 2551 1364 2616 alterius

214 2659 338 2723 lurtum
362 2658 486 2722 iactum
510 2656 616 2732 fuerit,
643 2657 721 2740 quia
745 2657 859 2738 utique
886 2656 1010 2720 lurtum
1037 2657 1261 2735 committitur,
1288 2675 1365 2719 con-

215 2764 385 2827 venienter
404 2761 459 2825 ille
481 2761 558 2825 furti
581 2770 719 2840 tenetur,
740 2761 817 2842 quia
839 2781 953 2824 verum
979 2769 1029 2824 est
1051 2781 1115 2843 ope
1138 2760 1274 2824 consilio
1297 2761 1366 2822 eius

100 2922 103 2928 .
216 2867 339 2931 lurtum
355 2865 478 2930 iactum
495 2886 576 2930 esse.

217 3098 315 3167 taking
333 3097 376 3152 his
395 3109 528 3168 property
541 3115 620 3167 away
632 3097 703 3152 from
723 3115 740 3152 a
759 3115 862 3168 person
881 3099 944 3152 who
963 3098 1021 3152 had
1040 3115 1117 3153 mere
1135 3098 1281 3153 detention
1298 3099 1331 3152 oi
1346 3097 1367 3152 it

216 3182 283 3252 only
296 3181 319 3236 il
328 3182 376 3236 the
387 3182 469 3236 latter
481 3181 539 3236 had
551 3199 569 3236 a
581 3182 654 3250 legal
667 3181 741 3250 right
751 3191 781 3236 to
791 3181 887 3237 detain
901 3181 930 3248 it,
945 3181 1013 3250 Dig.
1023 3195 1066 3248 47.
1076 3197 1101 3236 2.
1113 3195 1151 3250 ις.
1166 3197 1190 3250 2,
1199 3199 1255 3251 eg.
1270 3199 1287 3236 a
1300 3199 1367 3235 usu-

217 3265 367 3335 fructuary,
382 3265 448 3334 Dig.
462 3265 498 3320 ib.
516 3281 545 3320 1:
564 3265 600 3320 ib.
615 3281 658 3319 20.
675 3281 696 3333 1,
710 3265 767 3319 and
786 3282 803 3320 a
821 3266 898 3320 bona
914 3265 970 3319 fide
983 3282 1139 3335 possessor,
1153 3265 1242 3320 Gaius
1255 3264 1293 3320 iii.
1307 3281 1368 3319 200.

220 3351 244 3403 lt
258 3366 315 3404 was
334 3349 447 3420 equally
459 3349 563 3404 lurtum
581 3349 624 3402 sor
642 3365 659 3403 a
678 3349 796 3418 pledgor
814 3359 844 3403 to
862 3349 984 3404 alienate
1004 3350 1052 3404 the
1071 3350 1172 3420 pignus
1185 3348 1300 3404 without
1319 3350 1369 3402 the

218 3433 360 3502 pledgee's
383 3443 509 3500 consent,
530 3432 596 3502 Dig.
615 3446 658 3500 47.
679 3447 703 3486 2.
726 3447 765 3501 19.
784 3433 819 3488 6:
840 3432 876 3486 ib.
896 3433 939 3486 66.
976 3433 1038 3488 The
1060 3451 1105 3488 res
1125 3450 1177 3487 sua
1197 3431 1287 3487 which
1310 3449 1368 3486 was

219 3520 310 3573 stolen
322 3519 391 3588 bya
409 3517 541 3572 dominus
559 3535 645 3574 never
664 3517 781 3574 became
800 3519 902 3574 furtiva
921 3535 954 3574 so
972 3536 1004 3574 as
1023 3529 1053 3574 to
1072 3518 1184 3590 impede
1203 3519 1368 3590 usucapion‚

220 3602 287 3670 Dig.
301 3602 338 3656 ib.
353 3617 394 3656 20.
412 3617 434 3655 1.

255 3683 269 3754 ξ
284 3687 324 3738 11.
344 3683 519 3739 ‘Consilium
538 3686 605 3740 dare
618 3685 736 3754 videtur,
750 3685 797 3756 qui
816 3686 967 3756 persuadet
980 3697 1008 3741 et
1022 3685 1139 3756 impellit
1155 3697 1240 3758 atque
1258 3685 1369 3741 instruit

220 3767 338 3822 consilio
357 3768 394 3822 ad
412 3767 516 3822 furtum
534 3767 713 3823 faciendum:
733 3786 817 3839 opem
836 3771 896 3836 lert,
917 3770 963 3841 qui
983 3769 1169 3824 ministerium
1187 3781 1272 3841 atque
1291 3771 1370 3824 adiu-

220 3851 322 3908 torium
336 3851 373 3906 ad
386 3851 583 3922 subripiendas
599 3870 644 3907 res
661 3853 792 3922 praebet’
806 3854 871 3922 Dig.
886 3867 928 3920 47.
946 3866 987 3923 50.
1001 3869 1025 3922 3.
1065 3853 1181 3908 instead
1193 3855 1226 3908 ol
1234 3855 1283 3910 the
1296 3854 1371 3909 actio

220 3936 248 3990 in
262 3936 376 4004 sactum,
390 3935 481 3990 which
493 3936 540 4005 lay
552 3936 581 3990 in
594 3937 642 3991 the
656 3953 722 3991 case
735 3937 767 3990 of
776 3937 899 4006 lascivia,
914 3938 992 3992 there
1005 3937 1097 3992 would
1109 3939 1145 3992 be
1157 3956 1194 3992 an
1207 3937 1282 3992 actio
1295 3937 1371 3992 utilis

220 4021 311 4074 under
324 4019 372 4074 the
385 4020 430 4074 lex
442 4019 555 4090 Aquilia
568 4020 592 4074 if
606 4021 653 4074 the
667 4021 756 4075 alarm
769 4021 802 4075 os
816 4023 864 4076 the
881 4022 966 4076 cattle
979 4031 1008 4076 at
1021 4022 1069 4076 the
1087 4021 1138 4076 red
1150 4039 1202 4090 rag
1213 4022 1260 4075 led
1273 4031 1302 4076 to
1314 4038 1372 4089 any

221 4103 254 4157 ol
269 4105 347 4158 them
360 4103 446 4173 being
464 4105 586 4173 actually
599 4103 717 4174 injured‚
732 4105 820 4160 Gaius
840 4104 878 4160 iii.
892 4121 952 4172 202,
965 4105 1019 4159 Tit.
1034 4119 1058 4171 4.
1076 4106 1107 4158 16
1120 4105 1177 4170 inl,
1192 4104 1259 4174 Dig.
1272 4117 1314 4171 47.
1329 4117 1371 4174 50.

221 4203 256 4253 43
276 4187 312 4242 ib.
335 4199 387 4256 5¹;
413 4201 438 4256 9.
459 4201 483 4240 2.
504 4200 546 4254 27.
565 4202 607 4243 21.
645 4189 767 4257 Though
788 4190 835 4243 the
854 4205 947 4259 poena
966 4188 1050 4242 could
1071 4187 1107 4242 be
1127 4187 1279 4242 recovered
1298 4189 1372 4241 from

222 4268 393 4324 accessories
406 4285 444 4323 no
457 4270 513 4324 less
530 4271 599 4325 than
617 4271 689 4325 from
708 4271 870 4342 principals,
883 4273 950 4342 they
962 4271 1046 4326 could
1059 4283 1109 4327 not
1122 4271 1158 4326 be
1171 4271 1242 4326 sued
1254 4271 1293 4340 by
1305 4287 1372 4325 con-

222 4352 309 4407 dictio
321 4351 432 4421 furtiva,
444 4353 488 4407 lor
500 4353 592 4408 which
605 4371 653 4410 see
666 4371 703 4409 on
717 4353 731 4425 ξ
746 4369 777 4424 ¹9
790 4355 847 4424 inl,
862 4355 929 4424 Dig.
943 4371 952 4409 r
957 4371 982 4424 3.
996 4371 1017 4409 r.
1027 4355 1052 4410 6.

258 4433 332 4505 §1²-
352 4435 394 4490 Cs.
410 4436 462 4490 Bk.
476 4435 503 4491 ii.
516 4437 543 4492 6.
556 4439 572 4493 8
586 4453 661 4508 supr.
703 4439 764 4493 The
783 4449 889 4494 master
908 4439 990 4493 could
1009 4449 1058 4494 not
1078 4455 1129 4494 sue
1147 4439 1195 4494 the
1214 4439 1299 4506 slave,
1319 4453 1373 4492 nor
