3028 5016
125 339 239 405 Tit.18.]
458 335 519 392 DE
539 335 732 392 PUBLICIS
752 334 939 390 IUDICIIS.
1207 325 1270 407 605

125 501 308 565 necessaria
324 501 368 566 sit
388 501 596 566 adiudicatio.
634 521 720 583 quae
738 521 818 564 sane
833 521 899 564 uno
921 519 996 564 casu
1014 499 1196 564 necessaria
1211 510 1270 574 est,

124 607 152 668 si
178 605 435 669 evidentioribus
450 605 570 668 finibus
585 605 743 686 distingui
764 625 861 686 agros
882 604 1089 668 commodius
1105 605 1156 682 sit,
1170 623 1272 686 quam

124 707 205 772 olim
221 695 357 773 [dissent
372 709 537 773 distincti:
561 728 638 772 nam
658 718 735 772 tunc
755 728 889 772 necesse
911 716 961 771 est
980 729 1024 772 ex
1044 707 1178 772 alterius
1193 727 1272 790 agro

125 823 254 894 partem
280 813 426 895 aliquam
449 813 583 877 alterius
607 813 677 896 agri
703 813 837 876 domino
861 811 1050 876 adiudicari.
1103 833 1169 894 quo
1195 831 1273 875 casu

125 917 323 980 conveniens
342 925 400 992 est,
424 925 460 981 ut
481 918 508 980 is
527 915 622 980 alteri
646 926 736 980 certa
756 917 895 999 pecunia
914 914 1035 979 debeat
1050 916 1272 980 condemnari.

126 1041 166 1084 eo
186 1041 318 1102 quoque
340 1021 473 1085 nomine
493 1021 702 1085 damnandus
727 1029 777 1084 est
798 1020 936 1102 quisque
956 1018 1019 1082 hoc
1039 1019 1169 1096 iudicio,
1184 1011 1274 1099 quod

125 1124 209 1188 sorte
224 1127 310 1190 circa
331 1124 412 1188 fines
436 1125 599 1188 malitiose
621 1124 747 1207 aliquid
770 1124 943 1201 commisit,
964 1123 1054 1186 verbi
1073 1123 1179 1204 gratia
1197 1123 1275 1204 quia

126 1229 253 1312 lapides
278 1227 392 1292 finales
414 1228 539 1293 furatus
566 1237 616 1292 est
640 1237 698 1294 aut
724 1229 855 1292 arbores
883 1227 997 1290 finales
1024 1227 1152 1290 cecidit.
1196 1245 1274 1290 con-

126 1333 291 1397 tumaciae
317 1354 450 1416 quoque
480 1335 614 1397 nomine
643 1335 781 1416 quisque
811 1353 851 1396 eo
878 1331 998 1396 iudicio
1027 1331 1275 1406 condemnatur,

125 1435 227 1500 veluti
250 1437 278 1499 si
300 1439 374 1520 quis
397 1435 531 1500 iubente
554 1436 661 1500 iudice
690 1435 797 1499 metiri
822 1455 918 1517 agros
942 1453 1058 1516 passus
1081 1452 1147 1497 non
1168 1432 1274 1496 suerit.

127 1539 227 1622 Quod
254 1549 372 1604 autem·
391 1539 462 1604 istis
486 1541 614 1604 iudiciis
641 1539 738 1604 alicui
769 1539 994 1604 adiudicatum
1019 1537 1071 1612 sit,
1098 1536 1131 1600 id
1161 1536 1305 1602 statimr

127 1644 196 1708 eius
212 1643 250 1708 fit
265 1645 315 1709 cui
327 1644 552 1708 adiudicatum
567 1653 627 1710 est.

635 1837 767 1904 XVIII.

368 2073 373 2080 ,
488 2015 538 2066 ua
562 2014 727 2068 ruamcrs
752 2013 915 2067 marcus.

172 2166 307 2232 Publica
330 2165 448 2232 iudicia
468 2187 574 2248 neque
597 2185 656 2248 per
678 2164 824 2230 actiones
845 2165 1038 2230 ordinantur
1059 2185 1118 2229 nec
1141 2165 1276 2228 omnino

128 2272 310 2355 quidquam
340 2271 446 2336 simile
475 2270 600 2334 habent
634 2271 750 2334 ceteris
786 2269 922 2347 iudiciis,
955 2270 998 2333 de
1027 2269 1146 2351 quibus
1176 2269 1276 2333 locuti

128 2396 251 2455 sumus,
279 2396 464 2458 magnaque
488 2374 659 2438 diversitas
686 2383 737 2438 est
760 2393 873 2436 eorum
898 2383 932 2437 et
958 2373 990 2436 in
1014 2372 1220 2436 instituendis
1243 2381 1276 2436 et

128 2481 162 2542 in
189 2481 390 2544 exercendis.
448 2477 582 2542 Publica
612 2486 723 2542 autem
754 2479 843 2542 dicta
872 2487 957 2554 sunt,
984 2476 1073 2559 quod
1104 2475 1206 2540 cuivis
1232 2488 1305 2540 ext

129 2716 263 2772 iudicium
283 2718 376 2772 locum
392 2718 478 2772 habet
497 2716 526 2771 in
545 2716 667 2772 confinio
688 2715 866 2786 praediorum
880 2715 1063 2770 rusticorum’
1077 2715 1144 2786 Dig.
1160 2731 1199 2770 ro.
1217 2731 1238 2770 1.
1251 2729 1276 2782 4.

133 2816 171 2856 ro.
216 2803 278 2856 The
299 2801 384 2855 willul
408 2802 533 2855 removal
555 2801 586 2854 of
607 2799 778 2855 boundaries
797 2817 854 2854 was
874 2799 1015 2870 punished
1039 2809 1118 2854 extra
1140 2799 1277 2866 ordinem,

131 2884 206 2938 Paul.
221 2893 294 2938 sent.
305 2901 361 2939 rec.
379 2899 399 2938 1.
414 2884 461 2950 163
479 2883 570 2954 ‘quod
584 2881 607 2937 si
621 2900 672 2953 per
684 2883 872 2952 ignorantiam
885 2893 933 2938 aut
946 2881 1060 2937 fortuito
1073 2881 1182 2952 lapides
1195 2882 1277 2936 iurati

130 2975 204 3035 sunt,
216 2963 318 3020 sufficit
338 2983 387 3021 eos
408 2967 526 3035 (servos)
546 2966 708 3021 verberibus
728 2965 874 3021 decidere’
893 2965 1046 3034 (Hadriani
1065 2966 1231 3036 rescriptum
1249 2965 1277 3020 in

133 3047 199 3117 Dig.
212 3061 255 3115 47.
270 3063 313 3102 21.
325 3049 362 3117 2).

167 3128 181 3200 ξ
195 3133 221 3186 7.
243 3131 344 3185 Hence
357 3129 529 3186 adiudicatio
543 3130 566 3184 is
580 3147 597 3184 a
610 3129 673 3184 civil
686 3131 771 3185 mode
784 3131 817 3186 ol'
825 3130 1002 3200 acquisition,
1016 3147 1041 3200 p.
1056 3143 1107 3200 215
1122 3147 1197 3201 supr.
1211 3131 1277 3185 ‘ad-

131 3212 302 3268 iudicatione
321 3211 477 3267 dominium
498 3212 689 3267 nanciscimur
705 3230 757 3283 per
774 3215 923 3267 formulam
943 3213 1066 3268 familiae
1084 3213 1277 3282 erciscundae,

130 3295 273 3350 communi
287 3294 450 3364 dividundo,
464 3294 561 3349 finium
574 3295 777 3364 regundorum'
792 3295 907 3364 Ulpian,
921 3313 977 3364 reg.
995 3310 1035 3364 ¹9·
1052 3295 1092 3350 16.
1231 3341 1233 3346 ,

165 3381 226 3434 vu.
239 3381 363 3434 xvm.
389 3379 446 3432 For
470 3379 518 3433 the
541 3379 655 3448 general
680 3377 788 3446 history
809 3377 841 3431 of
863 3379 974 3431 Roman
1000 3377 1127 3432 criminal
1152 3377 1206 3432 law
1230 3395 1278 3433 see

133 3461 253 3516 Maine’s
266 3461 388 3516 Ancient
403 3463 477 3530 Law,
490 3461 571 3531 chap.
585 3479 609 3516 x.
650 3457 759 3515 Iudicia
771 3459 885 3530 publica
902 3459 930 3514 in
948 3461 995 3515 the
1012 3461 1083 3516 later
1095 3460 1193 3530 period
1207 3478 1278 3516 were

129 3546 315 3602 commenced
333 3546 420 3614 hyan
440 3543 607 3599 indictment
624 3561 656 3598 or
675 3541 855 3598 information
869 3543 982 3612 (‘causa
999 3543 1124 3598 criminis
1139 3543 1278 3614 ordinata,

131 3629 161 3683 id
178 3639 230 3700 est,
248 3628 476 3700 inscriptionibus
494 3627 646 3699 depositis’
659 3626 730 3683 Cod.
743 3642 768 3696 9.
781 3640 823 3697 45.
842 3627 874 3696 r),
887 3627 936 3681 the
948 3627 1019 3682 form
1034 3626 1067 3682 of
1075 3627 1166 3682 which
1180 3626 1204 3682 is
1216 3645 1278 3699 pre-

130 3713 232 3768 served
250 3713 279 3766 in
298 3711 362 3782 Dig.
376 3713 418 3779 48.
432 3727 457 3768 a.
472 3726 496 3780 3.
509 3729 549 3782 pr.
564 3709 657 3781 ‘apud
676 3709 753 3766 illum
774 3719 932 3780 praetorem
957 3711 1002 3764 vel
1023 3711 1220 3780 proconsulem
1247 3713 1276 3766 L.

132 3795 223 3850 Titius
241 3796 383 3866 professus
402 3805 445 3851 est
466 3812 497 3850 se
518 3795 661 3850 Maeviam
680 3796 742 3863 lege
761 3792 882 3848 Iuliade
900 3793 1045 3849 adulteriis
1064 3811 1142 3849 ream
1161 3795 1278 3862 deferre,

131 3877 209 3950 quod
221 3877 296 3932 dicat
314 3895 379 3936 eam
397 3895 462 3933 curn
478 3878 551 3933 Gaio
571 3878 637 3934 Seio
657 3879 684 3932 in
704 3877 818 3933 civitate
836 3877 892 3948 illa,
906 3877 992 3932 domo
1007 3877 1089 3946 illius,
1106 3895 1204 3933 mense
1222 3878 1278 3947 illo,

131 3960 293 4016 consulibus
306 3959 360 4015 illis
373 3961 541 4016 adulterium
554 3961 747 4016 commisisse!
778 3962 832 4015 But
846 3963 894 4016 the
907 3961 1062 4031 procedure
1075 3961 1103 4017 in
1115 3961 1279 4032 Justiuian's

131 4045 200 4100 time
212 4044 299 4114 being
310 4045 467 4114 altogether
479 4054 557 4099 extra
573 4044 710 4114 ordinem,
725 4043 773 4098 ie.
788 4045 848 4098 that
867 4043 1030 4114 prescribed
1048 4044 1090 4098 sor
1106 4045 1153 4100 the
1170 4045 1278 4100 several

132 4127 237 4184 iudicia
254 4127 367 4199 publica
386 4127 423 4197 by
436 4137 540 4183 statute
559 4127 664 4198 having
681 4128 766 4182 fallen
786 4127 845 4182 into
862 4127 966 4196 disuse,
980 4129 1028 4182 the
1045 4127 1211 4182 differences
1230 4129 1279 4184 be-

132 4223 223 4268 tween
235 4211 344 4267 actions
357 4211 414 4266 and
427 4211 620 4281 prosecutione
633 4227 705 4266 were
718 4221 767 4266 not
780 4227 813 4266 so
826 4211 943 4266 marked
955 4228 987 4266 as
1000 4209 1090 4281 might
1108 4211 1144 4266 be
1157 4209 1279 4266 inferred

132 4297 205 4352 srom
217 4296 266 4351 the
279 4304 337 4350 text
350 4293 450 4349 above.

169 4377 219 4451 §L
241 4379 409 4450 Plerumque
430 4377 548 4449 belongs
570 4389 600 4434 to
620 4377 723 4433 ‘cuivis
743 4395 777 4433 ex
798 4378 920 4449 populo!
957 4377 1130 4448 Impuberes‚
1150 4376 1278 4446 infames,

132 4463 191 4520 aud
208 4463 256 4522 the
275 4479 343 4534 very
355 4477 425 4533 poor
443 4479 514 4520 were
531 4479 563 4519 as
576 4480 594 4519 a
606 4463 665 4519 rule
678 4461 808 4520 disabled
823 4462 896 4518 from
912 4458 1101 4534 prosecuting,
1116 4459 1183 4530 Dig.
1195 4461 1237 4530 48.
1253 4475 1277 4517 2.
