<?xml version="1.0" encoding="UTF-8"?>
<!DOCTYPE html PUBLIC "-//W3C//DTD XHTML 1.0 Transitional//EN"
    "http://www.w3.org/TR/xhtml1/DTD/xhtml1-transitional.dtd">
<html xmlns="http://www.w3.org/1999/xhtml" xml:lang="en" lang="en">
 <head>
  <title>
</title>
<meta http-equiv="Content-Type" content="text/html;charset=utf-8" />
  <meta name='ocr-system' content='tesseract 3.04.00' />
  <meta name='ocr-capabilities' content='ocr_page ocr_carea ocr_par ocr_line ocrx_word'/>
</head>
<body>
  <div class='ocr_page' id='page_1' title='image "./imperatorisiust00moylgoog_0204.png"; bbox 0 0 3166 5022; ppageno 0'>
   <div class='ocr_carea' id='block_1_1' title="bbox 172 322 1326 410">
    <p class='ocr_par' dir='ltr' id='par_1_1' title="bbox 172 322 1326 410">
     <span class='ocr_line' id='line_1_1' title="bbox 172 322 1326 410; baseline 0.004 -25"><span class='ocrx_word' id='word_1_1' title='bbox 172 322 225 386; x_wconf 72' lang='lat' dir='ltr'>aa.</span> <span class='ocrx_word' id='word_1_2' title='bbox 237 331 273 396; x_wconf 89' lang='lat'>1.]</span> <span class='ocrx_word' id='word_1_3' title='bbox 513 327 574 383; x_wconf 78' lang='lat' dir='ltr'>oa</span> <span class='ocrx_word' id='word_1_4' title='bbox 593 327 746 385; x_wconf 76' lang='lat' dir='ltr'>naaurr</span> <span class='ocrx_word' id='word_1_5' title='bbox 765 327 996 388; x_wconf 75' lang='lat' dir='ltr'>nrvrsrorva.</span> <span class='ocrx_word' id='word_1_6' title='bbox 1264 325 1326 410; x_wconf 78' lang='lat'>189</span> 
     </span>
    </p>
   </div>
   <div class='ocr_carea' id='block_1_2' title="bbox 172 495 1377 2967">
    <p class='ocr_par' dir='ltr' id='par_1_2' title="bbox 172 495 1377 2967">
     <span class='ocr_line' id='line_1_2' title="bbox 173 495 1326 582; baseline 0.003 -22"><span class='ocrx_word' id='word_1_7' title='bbox 173 497 366 580; x_wconf 87' lang='lat' dir='ltr'>occupantis</span> <span class='ocrx_word' id='word_1_8' title='bbox 388 495 437 561; x_wconf 84' lang='lat' dir='ltr'>fit.</span> <span class='ocrx_word' id='word_1_9' title='bbox 474 496 656 562; x_wconf 84' lang='lat' dir='ltr'><strong>naturalem</strong></span> <span class='ocrx_word' id='word_1_10' title='bbox 678 506 791 561; x_wconf 88' lang='lat' dir='ltr'>autern</span> <span class='ocrx_word' id='word_1_11' title='bbox 817 495 1006 562; x_wconf 81' lang='lat' dir='ltr'>libertatern</span> <span class='ocrx_word' id='word_1_12' title='bbox 1030 499 1172 582; x_wconf 87' lang='lat' dir='ltr'>recipere</span> <span class='ocrx_word' id='word_1_13' title='bbox 1196 499 1326 564; x_wconf 88' lang='lat' dir='ltr'>intelle·</span> 
     </span>
     <span class='ocr_line' id='line_1_3' title="bbox 172 600 1324 686; baseline 0.001 -20"><span class='ocrx_word' id='word_1_14' title='bbox 172 602 272 684; x_wconf 83' lang='lat' dir='ltr'>gitur,</span> <span class='ocrx_word' id='word_1_15' title='bbox 286 621 362 666; x_wconf 89' lang='lat' dir='ltr'>curn</span> <span class='ocrx_word' id='word_1_16' title='bbox 373 602 426 668; x_wconf 90' lang='lat' dir='ltr'>vel</span> <span class='ocrx_word' id='word_1_17' title='bbox 439 602 552 668; x_wconf 87' lang='lat' dir='ltr'>oculos</span> <span class='ocrx_word' id='word_1_18' title='bbox 568 612 643 666; x_wconf 89' lang='lat' dir='ltr'>tuos</span> <span class='ocrx_word' id='word_1_19' title='bbox 659 601 809 684; x_wconf 86' lang='lat' dir='ltr'>effugerit</span> <span class='ocrx_word' id='word_1_20' title='bbox 821 600 874 665; x_wconf 93' lang='lat' dir='ltr'>vel</span> <span class='ocrx_word' id='word_1_21' title='bbox 890 602 937 668; x_wconf 88' lang='lat' dir='ltr'>ita</span> <span class='ocrx_word' id='word_1_22' title='bbox 952 604 995 667; x_wconf 92' lang='lat' dir='ltr'>sit</span> <span class='ocrx_word' id='word_1_23' title='bbox 1011 602 1044 666; x_wconf 93' lang='lat' dir='ltr'>in</span> <span class='ocrx_word' id='word_1_24' title='bbox 1060 613 1238 686; x_wconf 89' lang='lat' dir='ltr'>conspectu</span> <span class='ocrx_word' id='word_1_25' title='bbox 1256 613 1324 680; x_wconf 89' lang='lat' dir='ltr'>tuo,</span> 
     </span>
     <span class='ocr_line' id='line_1_4' title="bbox 175 704 1375 789; baseline 0.002 -21"><span class='ocrx_word' id='word_1_26' title='bbox 175 715 213 769; x_wconf 90' lang='lat' dir='ltr'>ut</span> <span class='ocrx_word' id='word_1_27' title='bbox 230 705 370 770; x_wconf 86' lang='lat' dir='ltr'>difficilis</span> <span class='ocrx_word' id='word_1_28' title='bbox 386 708 429 772; x_wconf 88' lang='lat' dir='ltr'>sit</span> <span class='ocrx_word' id='word_1_29' title='bbox 444 707 513 770; x_wconf 91' lang='lat' dir='ltr'>eius</span> <span class='ocrx_word' id='word_1_30' title='bbox 528 705 723 789; x_wconf 91' lang='lat' dir='ltr'>persecutio.</span> <span class='ocrx_word' id='word_1_31' title='bbox 762 704 850 768; x_wconf 88' lang='lat' dir='ltr'>Illud</span> <span class='ocrx_word' id='word_1_32' title='bbox 866 706 1053 788; x_wconf 91' lang='lat' dir='ltr'>quaesitum</span> <span class='ocrx_word' id='word_1_33' title='bbox 1070 716 1130 787; x_wconf 90' lang='lat' dir='ltr'>est,</span> <span class='ocrx_word' id='word_1_34' title='bbox 1146 727 1198 782; x_wconf 91' lang='lat' dir='ltr'>an,</span> <span class='ocrx_word' id='word_1_35' title='bbox 1213 709 1240 771; x_wconf 90' lang='lat' dir='ltr'>si</span> <span class='ocrx_word' id='word_1_36' title='bbox 1256 707 1325 772; x_wconf 82' lang='lat' dir='ltr'>iera</span> <span class='ocrx_word' id='word_1_37' title='bbox 1341 715 1375 771; x_wconf 87' lang='lat'>13</span> 
     </span>
     <span class='ocr_line' id='line_1_5' title="bbox 174 808 1326 891; baseline 0.002 -19"><span class='ocrx_word' id='word_1_38' title='bbox 174 808 283 874; x_wconf 88' lang='lat' dir='ltr'>bestia</span> <span class='ocrx_word' id='word_1_39' title='bbox 301 809 349 874; x_wconf 90' lang='lat' dir='ltr'>ita</span> <span class='ocrx_word' id='word_1_40' title='bbox 363 809 536 874; x_wconf 90' lang='lat' dir='ltr'>vulnerata</span> <span class='ocrx_word' id='word_1_41' title='bbox 558 811 609 888; x_wconf 92' lang='lat' dir='ltr'>sit,</span> <span class='ocrx_word' id='word_1_42' title='bbox 625 819 663 873; x_wconf 91' lang='lat' dir='ltr'>ut</span> <span class='ocrx_word' id='word_1_43' title='bbox 682 808 755 891; x_wconf 86' lang='lat' dir='ltr'>capi</span> <span class='ocrx_word' id='word_1_44' title='bbox 772 809 885 890; x_wconf 87' lang='lat' dir='ltr'><strong>possit,</strong></span> <span class='ocrx_word' id='word_1_45' title='bbox 902 809 1014 874; x_wconf 88' lang='lat' dir='ltr'>statim</span> <span class='ocrx_word' id='word_1_46' title='bbox 1036 818 1095 874; x_wconf 88' lang='lat' dir='ltr'>tua</span> <span class='ocrx_word' id='word_1_47' title='bbox 1110 831 1183 874; x_wconf 87' lang='lat' dir='ltr'>esse</span> <span class='ocrx_word' id='word_1_48' title='bbox 1198 810 1326 875; x_wconf 92' lang='lat' dir='ltr'>intelle·</span> 
     </span>
     <span class='ocr_line' id='line_1_6' title="bbox 175 913 1325 996; baseline 0.001 -20"><span class='ocrx_word' id='word_1_49' title='bbox 175 923 283 994; x_wconf 87' lang='lat' dir='ltr'>gatur.</span> <span class='ocrx_word' id='word_1_50' title='bbox 313 913 512 996; x_wconf 86' lang='lat' dir='ltr'>quibusdam</span> <span class='ocrx_word' id='word_1_51' title='bbox 535 913 660 996; x_wconf 82' lang='lat' dir='ltr'>placuit</span> <span class='ocrx_word' id='word_1_52' title='bbox 678 914 791 976; x_wconf 87' lang='lat' dir='ltr'>statim</span> <span class='ocrx_word' id='word_1_53' title='bbox 810 920 903 975; x_wconf 91' lang='lat' dir='ltr'>tuam</span> <span class='ocrx_word' id='word_1_54' title='bbox 919 933 992 977; x_wconf 88' lang='lat' dir='ltr'>esse</span> <span class='ocrx_word' id='word_1_55' title='bbox 1007 922 1041 978; x_wconf 91' lang='lat' dir='ltr'>et</span> <span class='ocrx_word' id='word_1_56' title='bbox 1057 934 1097 977; x_wconf 92' lang='lat' dir='ltr'>eo</span> <span class='ocrx_word' id='word_1_57' title='bbox 1113 934 1217 996; x_wconf 89' lang='lat' dir='ltr'>usque</span> <span class='ocrx_word' id='word_1_58' title='bbox 1233 924 1325 978; x_wconf 90' lang='lat' dir='ltr'>tuam</span> 
     </span>
     <span class='ocr_line' id='line_1_7' title="bbox 174 1015 1326 1101; baseline 0.003 -23"><span class='ocrx_word' id='word_1_59' title='bbox 174 1015 289 1095; x_wconf 90' lang='lat' dir='ltr'>videri,</span> <span class='ocrx_word' id='word_1_60' title='bbox 314 1018 421 1081; x_wconf 90' lang='lat' dir='ltr'>donec</span> <span class='ocrx_word' id='word_1_61' title='bbox 448 1037 522 1081; x_wconf 91' lang='lat' dir='ltr'>eam</span> <span class='ocrx_word' id='word_1_62' title='bbox 547 1017 764 1100; x_wconf 88' lang='lat' dir='ltr'>persequaris,</span> <span class='ocrx_word' id='word_1_63' title='bbox 781 1016 899 1098; x_wconf 89' lang='lat' dir='ltr'>quodsi</span> <span class='ocrx_word' id='word_1_64' title='bbox 925 1017 1062 1080; x_wconf 86' lang='lat' dir='ltr'>desieris</span> <span class='ocrx_word' id='word_1_65' title='bbox 1083 1019 1246 1101; x_wconf 85' lang='lat' dir='ltr'>persequi,</span> <span class='ocrx_word' id='word_1_66' title='bbox 1267 1019 1326 1082; x_wconf 92' lang='lat' dir='ltr'>de·</span> 
     </span>
     <span class='ocr_line' id='line_1_8' title="bbox 176 1120 1327 1202; baseline 0.002 -18"><span class='ocrx_word' id='word_1_67' title='bbox 176 1120 283 1184; x_wconf 88' lang='lat' dir='ltr'>sinere</span> <span class='ocrx_word' id='word_1_68' title='bbox 309 1132 401 1186; x_wconf 90' lang='lat' dir='ltr'>tuam</span> <span class='ocrx_word' id='word_1_69' title='bbox 429 1143 501 1187; x_wconf 86' lang='lat' dir='ltr'>esse</span> <span class='ocrx_word' id='word_1_70' title='bbox 527 1131 562 1186; x_wconf 93' lang='lat' dir='ltr'>et</span> <span class='ocrx_word' id='word_1_71' title='bbox 588 1141 699 1186; x_wconf 89' lang='lat' dir='ltr'>rursus</span> <span class='ocrx_word' id='word_1_72' title='bbox 725 1120 794 1184; x_wconf 86' lang='lat' dir='ltr'>fieri</span> <span class='ocrx_word' id='word_1_73' title='bbox 819 1123 1022 1202; x_wconf 90' lang='lat' dir='ltr'>occupantis.</span> <span class='ocrx_word' id='word_1_74' title='bbox 1060 1121 1115 1185; x_wconf 89' lang='lat' dir='ltr'>alii</span> <span class='ocrx_word' id='word_1_75' title='bbox 1143 1141 1209 1186; x_wconf 93' lang='lat' dir='ltr'>non</span> <span class='ocrx_word' id='word_1_76' title='bbox 1232 1121 1327 1186; x_wconf 90' lang='lat' dir='ltr'>aliter</span> 
     </span>
     <span class='ocr_line' id='line_1_9' title="bbox 176 1225 1327 1309; baseline 0.001 -22"><span class='ocrx_word' id='word_1_77' title='bbox 176 1234 376 1308; x_wconf 88' lang='lat' dir='ltr'>putaverunt</span> <span class='ocrx_word' id='word_1_78' title='bbox 391 1237 484 1290; x_wconf 90' lang='lat' dir='ltr'>tuam</span> <span class='ocrx_word' id='word_1_79' title='bbox 504 1247 584 1306; x_wconf 89' lang='lat' dir='ltr'>esse,</span> <span class='ocrx_word' id='word_1_80' title='bbox 601 1246 701 1309; x_wconf 89' lang='lat' dir='ltr'>quarn</span> <span class='ocrx_word' id='word_1_81' title='bbox 725 1226 752 1290; x_wconf 90' lang='lat' dir='ltr'>si</span> <span class='ocrx_word' id='word_1_82' title='bbox 775 1225 909 1307; x_wconf 84' lang='lat' dir='ltr'>ceperis.</span> <span class='ocrx_word' id='word_1_83' title='bbox 941 1225 998 1290; x_wconf 90' lang='lat' dir='ltr'>sed</span> <span class='ocrx_word' id='word_1_84' title='bbox 1016 1227 1230 1307; x_wconf 74' lang='lat' dir='ltr'>posteriorem</span> <span class='ocrx_word' id='word_1_85' title='bbox 1253 1245 1327 1290; x_wconf 86' lang='lat' dir='ltr'>sen-</span> 
     </span>
     <span class='ocr_line' id='line_1_10' title="bbox 175 1328 1325 1412; baseline 0 -20"><span class='ocrx_word' id='word_1_86' title='bbox 175 1329 317 1393; x_wconf 87' lang='lat' dir='ltr'>tentiam</span> <span class='ocrx_word' id='word_1_87' title='bbox 341 1350 401 1395; x_wconf 92' lang='lat' dir='ltr'>nos</span> <span class='ocrx_word' id='word_1_88' title='bbox 424 1330 665 1408; x_wconf 85' lang='lat' dir='ltr'>confirmamus,</span> <span class='ocrx_word' id='word_1_89' title='bbox 681 1330 760 1412; x_wconf 90' lang='lat' dir='ltr'>quia</span> <span class='ocrx_word' id='word_1_90' title='bbox 779 1328 884 1393; x_wconf 89' lang='lat' dir='ltr'>multa</span> <span class='ocrx_word' id='word_1_91' title='bbox 899 1329 1046 1394; x_wconf 90' lang='lat' dir='ltr'>accidere</span> <span class='ocrx_word' id='word_1_92' title='bbox 1061 1329 1179 1409; x_wconf 87' lang='lat' dir='ltr'>solent,</span> <span class='ocrx_word' id='word_1_93' title='bbox 1194 1338 1231 1394; x_wconf 94' lang='lat' dir='ltr'>ut</span> <span class='ocrx_word' id='word_1_94' title='bbox 1251 1349 1325 1394; x_wconf 90' lang='lat' dir='ltr'>eam</span> 
     </span>
     <span class='ocr_line' id='line_1_11' title="bbox 178 1431 1376 1517; baseline -0.003 -22"><span class='ocrx_word' id='word_1_95' title='bbox 178 1451 244 1496; x_wconf 91' lang='lat' dir='ltr'>non</span> <span class='ocrx_word' id='word_1_96' title='bbox 267 1433 388 1516; x_wconf 86' lang='lat' dir='ltr'>capias.</span> <span class='ocrx_word' id='word_1_97' title='bbox 432 1434 559 1517; x_wconf 90' lang='lat' dir='ltr'>Apium</span> <span class='ocrx_word' id='word_1_98' title='bbox 582 1454 715 1517; x_wconf 91' lang='lat' dir='ltr'>quoque</span> <span class='ocrx_word' id='word_1_99' title='bbox 731 1441 848 1498; x_wconf 90' lang='lat' dir='ltr'>natura</span> <span class='ocrx_word' id='word_1_100' title='bbox 869 1431 937 1497; x_wconf 85' lang='lat' dir='ltr'>fera</span> <span class='ocrx_word' id='word_1_101' title='bbox 956 1443 1017 1498; x_wconf 87' lang='lat' dir='ltr'>est.</span> <span class='ocrx_word' id='word_1_102' title='bbox 1048 1433 1161 1516; x_wconf 87' lang='lat' dir='ltr'>itaque</span> <span class='ocrx_word' id='word_1_103' title='bbox 1184 1453 1270 1516; x_wconf 90' lang='lat' dir='ltr'>quae</span> <span class='ocrx_word' id='word_1_104' title='bbox 1293 1433 1326 1497; x_wconf 92' lang='lat' dir='ltr'>in</span> <span class='ocrx_word' id='word_1_105' title='bbox 1342 1437 1376 1491; x_wconf 79' lang='lat'>14</span> 
     </span>
     <span class='ocr_line' id='line_1_12' title="bbox 175 1535 1326 1620; baseline 0.002 -22"><span class='ocrx_word' id='word_1_106' title='bbox 175 1536 293 1600; x_wconf 86' lang='lat' dir='ltr'>arbore</span> <span class='ocrx_word' id='word_1_107' title='bbox 308 1547 367 1601; x_wconf 85' lang='lat' dir='ltr'>tua</span> <span class='ocrx_word' id='word_1_108' title='bbox 382 1537 596 1612; x_wconf 86' lang='lat' dir='ltr'>consederint,</span> <span class='ocrx_word' id='word_1_109' title='bbox 616 1548 795 1620; x_wconf 87' lang='lat' dir='ltr'>antequam</span> <span class='ocrx_word' id='word_1_110' title='bbox 817 1555 838 1600; x_wconf 90' lang='lat' dir='ltr'>a</span> <span class='ocrx_word' id='word_1_111' title='bbox 860 1546 895 1600; x_wconf 91' lang='lat' dir='ltr'>te</span> <span class='ocrx_word' id='word_1_112' title='bbox 916 1535 1011 1601; x_wconf 88' lang='lat' dir='ltr'>alveo</span> <span class='ocrx_word' id='word_1_113' title='bbox 1027 1537 1243 1616; x_wconf 85' lang='lat' dir='ltr'>includantur,</span> <span class='ocrx_word' id='word_1_114' title='bbox 1260 1557 1326 1601; x_wconf 93' lang='lat' dir='ltr'>non</span> 
     </span>
     <span class='ocr_line' id='line_1_13' title="bbox 177 1631 1327 1725; baseline 0.002 -23"><span class='ocrx_word' id='word_1_115' title='bbox 177 1641 285 1722; x_wconf 88' lang='lat' dir='ltr'>magis</span> <span class='ocrx_word' id='word_1_116' title='bbox 311 1648 390 1704; x_wconf 89' lang='lat' dir='ltr'>tuae</span> <span class='ocrx_word' id='word_1_117' title='bbox 416 1661 487 1704; x_wconf 90' lang='lat' dir='ltr'>esse</span> <span class='ocrx_word' id='word_1_118' title='bbox 513 1631 758 1725; x_wconf 90' lang='lat' dir='ltr'>intelleguntur,</span> <span class='ocrx_word' id='word_1_119' title='bbox 786 1659 886 1722; x_wconf 88' lang='lat' dir='ltr'>quarn</span> <span class='ocrx_word' id='word_1_120' title='bbox 912 1639 1070 1719; x_wconf 92' lang='lat' dir='ltr'>volucres,</span> <span class='ocrx_word' id='word_1_121' title='bbox 1096 1661 1183 1724; x_wconf 88' lang='lat' dir='ltr'>quae</span> <span class='ocrx_word' id='word_1_122' title='bbox 1208 1642 1241 1704; x_wconf 96' lang='lat' dir='ltr'>in</span> <span class='ocrx_word' id='word_1_123' title='bbox 1269 1650 1327 1705; x_wconf 90' lang='lat' dir='ltr'>tua</span> 
     </span>
     <span class='ocr_line' id='line_1_14' title="bbox 176 1743 1327 1828; baseline 0 -21"><span class='ocrx_word' id='word_1_124' title='bbox 176 1743 294 1808; x_wconf 85' lang='lat' dir='ltr'>arbore</span> <span class='ocrx_word' id='word_1_125' title='bbox 306 1745 421 1809; x_wconf 91' lang='lat' dir='ltr'>nidum</span> <span class='ocrx_word' id='word_1_126' title='bbox 432 1745 588 1810; x_wconf 84' lang='lat' dir='ltr'>iecerint:</span> <span class='ocrx_word' id='word_1_127' title='bbox 611 1747 753 1828; x_wconf 88' lang='lat' dir='ltr'>ideoque</span> <span class='ocrx_word' id='word_1_128' title='bbox 768 1745 794 1808; x_wconf 89' lang='lat' dir='ltr'>si</span> <span class='ocrx_word' id='word_1_129' title='bbox 810 1743 893 1807; x_wconf 86' lang='lat' dir='ltr'>alius</span> <span class='ocrx_word' id='word_1_130' title='bbox 909 1764 964 1808; x_wconf 90' lang='lat' dir='ltr'>eas</span> <span class='ocrx_word' id='word_1_131' title='bbox 978 1745 1156 1823; x_wconf 89' lang='lat' dir='ltr'>incluserit,</span> <span class='ocrx_word' id='word_1_132' title='bbox 1171 1745 1199 1810; x_wconf 91' lang='lat' dir='ltr'>is</span> <span class='ocrx_word' id='word_1_133' title='bbox 1214 1763 1327 1809; x_wconf 91' lang='lat' dir='ltr'>earum</span> 
     </span>
     <span class='ocr_line' id='line_1_15' title="bbox 176 1847 1328 1933; baseline 0.002 -23"><span class='ocrx_word' id='word_1_134' title='bbox 176 1847 332 1912; x_wconf 91' lang='lat' dir='ltr'>dominus</span> <span class='ocrx_word' id='word_1_135' title='bbox 348 1849 419 1912; x_wconf 88' lang='lat' dir='ltr'>erit.</span> <span class='ocrx_word' id='word_1_136' title='bbox 449 1849 541 1914; x_wconf 87' lang='lat' dir='ltr'>savos</span> <span class='ocrx_word' id='word_1_137' title='bbox 556 1870 689 1933; x_wconf 91' lang='lat' dir='ltr'>quoque</span> <span class='ocrx_word' id='word_1_138' title='bbox 711 1850 739 1912; x_wconf 92' lang='lat' dir='ltr'>si</span> <span class='ocrx_word' id='word_1_139' title='bbox 759 1869 844 1932; x_wconf 89' lang='lat' dir='ltr'>quos</span> <span class='ocrx_word' id='word_1_140' title='bbox 864 1847 927 1911; x_wconf 90' lang='lat' dir='ltr'>hae</span> <span class='ocrx_word' id='word_1_141' title='bbox 942 1848 1086 1926; x_wconf 88' lang='lat' dir='ltr'>fecerint,</span> <span class='ocrx_word' id='word_1_142' title='bbox 1102 1848 1242 1931; x_wconf 88' lang='lat' dir='ltr'>quilibet</span> <span class='ocrx_word' id='word_1_143' title='bbox 1257 1849 1328 1913; x_wconf 91' lang='lat' dir='ltr'>exi·</span> 
     </span>
     <span class='ocr_line' id='line_1_16' title="bbox 177 1951 1327 2036; baseline 0.001 -22"><span class='ocrx_word' id='word_1_144' title='bbox 177 1969 268 2015; x_wconf 89' lang='lat' dir='ltr'>mere</span> <span class='ocrx_word' id='word_1_145' title='bbox 290 1961 411 2034; x_wconf 87' lang='lat' dir='ltr'>potest.</span> <span class='ocrx_word' id='word_1_146' title='bbox 442 1953 540 2036; x_wconf 92' lang='lat' dir='ltr'>plane</span> <span class='ocrx_word' id='word_1_147' title='bbox 562 1953 691 2036; x_wconf 86' lang='lat' dir='ltr'>integra</span> <span class='ocrx_word' id='word_1_148' title='bbox 713 1973 748 2017; x_wconf 89' lang='lat' dir='ltr'>re</span> <span class='ocrx_word' id='word_1_149' title='bbox 774 1951 800 2016; x_wconf 86' lang='lat' dir='ltr'>si</span> <span class='ocrx_word' id='word_1_150' title='bbox 825 1951 1004 2034; x_wconf 87' lang='lat' dir='ltr'>provideris</span> <span class='ocrx_word' id='word_1_151' title='bbox 1031 1952 1268 2034; x_wconf 84' lang='lat' dir='ltr'>ingredientem</span> <span class='ocrx_word' id='word_1_152' title='bbox 1295 1953 1327 2016; x_wconf 94' lang='lat' dir='ltr'>in</span> 
     </span>
     <span class='ocr_line' id='line_1_17' title="bbox 177 2053 1329 2140; baseline 0.001 -23"><span class='ocrx_word' id='word_1_153' title='bbox 177 2053 320 2118; x_wconf 84' lang='lat' dir='ltr'>fundum</span> <span class='ocrx_word' id='word_1_154' title='bbox 335 2066 440 2132; x_wconf 88' lang='lat' dir='ltr'>tuum,</span> <span class='ocrx_word' id='word_1_155' title='bbox 456 2065 551 2140; x_wconf 89' lang='lat' dir='ltr'>potes</span> <span class='ocrx_word' id='word_1_156' title='bbox 567 2077 644 2121; x_wconf 90' lang='lat' dir='ltr'>eum</span> <span class='ocrx_word' id='word_1_157' title='bbox 662 2057 732 2120; x_wconf 92' lang='lat' dir='ltr'>iure</span> <span class='ocrx_word' id='word_1_158' title='bbox 747 2055 922 2138; x_wconf 88' lang='lat' dir='ltr'>prohibere</span> <span class='ocrx_word' id='word_1_159' title='bbox 943 2075 985 2118; x_wconf 93' lang='lat' dir='ltr'>ne</span> <span class='ocrx_word' id='word_1_160' title='bbox 1006 2056 1217 2138; x_wconf 85' lang='lat' dir='ltr'>ingrediatur.</span> <span class='ocrx_word' id='word_1_161' title='bbox 1248 2077 1329 2120; x_wconf 90' lang='lat' dir='ltr'>exa·</span> 
     </span>
     <span class='ocr_line' id='line_1_18' title="bbox 177 2157 1328 2241; baseline 0.002 -21"><span class='ocrx_word' id='word_1_162' title='bbox 177 2176 263 2233; x_wconf 90' lang='lat' dir='ltr'>men,</span> <span class='ocrx_word' id='word_1_163' title='bbox 276 2160 368 2241; x_wconf 91' lang='lat' dir='ltr'>quod</span> <span class='ocrx_word' id='word_1_164' title='bbox 384 2181 427 2224; x_wconf 88' lang='lat' dir='ltr'>ex</span> <span class='ocrx_word' id='word_1_165' title='bbox 443 2159 537 2224; x_wconf 91' lang='lat' dir='ltr'>alveo</span> <span class='ocrx_word' id='word_1_166' title='bbox 553 2169 611 2224; x_wconf 91' lang='lat' dir='ltr'>tuo</span> <span class='ocrx_word' id='word_1_167' title='bbox 627 2159 813 2234; x_wconf 86' lang='lat' dir='ltr'>evolaverit,</span> <span class='ocrx_word' id='word_1_168' title='bbox 825 2179 866 2222; x_wconf 92' lang='lat' dir='ltr'>eo</span> <span class='ocrx_word' id='word_1_169' title='bbox 881 2179 986 2240; x_wconf 90' lang='lat' dir='ltr'>usque</span> <span class='ocrx_word' id='word_1_170' title='bbox 1001 2167 1095 2222; x_wconf 92' lang='lat' dir='ltr'>tuum</span> <span class='ocrx_word' id='word_1_171' title='bbox 1112 2179 1184 2224; x_wconf 90' lang='lat' dir='ltr'>esse</span> <span class='ocrx_word' id='word_1_172' title='bbox 1199 2157 1328 2222; x_wconf 89' lang='lat' dir='ltr'>intelle·</span> 
     </span>
     <span class='ocr_line' id='line_1_19' title="bbox 177 2261 1329 2345; baseline 0 -21"><span class='ocrx_word' id='word_1_173' title='bbox 177 2261 275 2344; x_wconf 86' lang='lat' dir='ltr'>gitur,</span> <span class='ocrx_word' id='word_1_174' title='bbox 292 2263 398 2326; x_wconf 91' lang='lat' dir='ltr'>donec</span> <span class='ocrx_word' id='word_1_175' title='bbox 421 2264 453 2326; x_wconf 91' lang='lat' dir='ltr'>in</span> <span class='ocrx_word' id='word_1_176' title='bbox 476 2273 653 2345; x_wconf 92' lang='lat' dir='ltr'>conspectu</span> <span class='ocrx_word' id='word_1_177' title='bbox 674 2273 732 2326; x_wconf 91' lang='lat' dir='ltr'>tuo</span> <span class='ocrx_word' id='word_1_178' title='bbox 753 2273 803 2326; x_wconf 90' lang='lat' dir='ltr'>est</span> <span class='ocrx_word' id='word_1_179' title='bbox 824 2281 884 2326; x_wconf 92' lang='lat' dir='ltr'>nec</span> <span class='ocrx_word' id='word_1_180' title='bbox 903 2261 1044 2326; x_wconf 88' lang='lat' dir='ltr'>difficilis</span> <span class='ocrx_word' id='word_1_181' title='bbox 1060 2262 1129 2324; x_wconf 89' lang='lat' dir='ltr'>eius</span> <span class='ocrx_word' id='word_1_182' title='bbox 1144 2261 1329 2343; x_wconf 91' lang='lat' dir='ltr'>persecutio</span> 
     </span>
     <span class='ocr_line' id='line_1_20' title="bbox 176 2363 1377 2449; baseline 0.003 -21"><span class='ocrx_word' id='word_1_183' title='bbox 176 2373 247 2428; x_wconf 90' lang='lat' dir='ltr'>est:</span> <span class='ocrx_word' id='word_1_184' title='bbox 270 2365 416 2449; x_wconf 87' lang='lat' dir='ltr'>alioquin</span> <span class='ocrx_word' id='word_1_185' title='bbox 439 2369 631 2449; x_wconf 85' lang='lat' dir='ltr'>occupantis</span> <span class='ocrx_word' id='word_1_186' title='bbox 653 2367 700 2432; x_wconf 87' lang='lat' dir='ltr'>fit.</span> <span class='ocrx_word' id='word_1_187' title='bbox 751 2365 921 2430; x_wconf 90' lang='lat' dir='ltr'>Pavonum</span> <span class='ocrx_word' id='word_1_188' title='bbox 947 2373 982 2430; x_wconf 89' lang='lat' dir='ltr'>et</span> <span class='ocrx_word' id='word_1_189' title='bbox 1008 2364 1233 2428; x_wconf 90' lang='lat' dir='ltr'>columbarum</span> <span class='ocrx_word' id='word_1_190' title='bbox 1260 2363 1329 2429; x_wconf 85' lang='lat' dir='ltr'>sera</span> <span class='ocrx_word' id='word_1_191' title='bbox 1343 2376 1377 2432; x_wconf 87' lang='grc'>15</span> 
     </span>
     <span class='ocr_line' id='line_1_21' title="bbox 178 2468 1330 2553; baseline 0.003 -22"><span class='ocrx_word' id='word_1_192' title='bbox 178 2477 296 2532; x_wconf 91' lang='lat' dir='ltr'>natura</span> <span class='ocrx_word' id='word_1_193' title='bbox 308 2479 367 2534; x_wconf 89' lang='lat' dir='ltr'>est.</span> <span class='ocrx_word' id='word_1_194' title='bbox 398 2490 458 2534; x_wconf 89' lang='lat' dir='ltr'>nec</span> <span class='ocrx_word' id='word_1_195' title='bbox 473 2471 515 2534; x_wconf 91' lang='lat' dir='ltr'>ad</span> <span class='ocrx_word' id='word_1_196' title='bbox 532 2491 601 2534; x_wconf 90' lang='lat' dir='ltr'>rem</span> <span class='ocrx_word' id='word_1_197' title='bbox 618 2471 770 2553; x_wconf 80' lang='lat' dir='ltr'>pertinet,</span> <span class='ocrx_word' id='word_1_198' title='bbox 780 2470 871 2553; x_wconf 92' lang='lat' dir='ltr'>quod</span> <span class='ocrx_word' id='word_1_199' title='bbox 888 2491 932 2532; x_wconf 89' lang='lat' dir='ltr'>ex</span> <span class='ocrx_word' id='word_1_200' title='bbox 947 2470 1186 2533; x_wconf 90' lang='lat' dir='ltr'>consuetudine</span> <span class='ocrx_word' id='word_1_201' title='bbox 1198 2468 1330 2534; x_wconf 85' lang='lat' dir='ltr'>avolare</span> 
     </span>
     <span class='ocr_line' id='line_1_22' title="bbox 177 2571 1330 2658; baseline 0.003 -24"><span class='ocrx_word' id='word_1_202' title='bbox 177 2581 212 2636; x_wconf 94' lang='lat' dir='ltr'>et</span> <span class='ocrx_word' id='word_1_203' title='bbox 227 2571 374 2637; x_wconf 86' lang='lat' dir='ltr'>revolare</span> <span class='ocrx_word' id='word_1_204' title='bbox 389 2571 514 2638; x_wconf 91' lang='lat' dir='ltr'>solent:</span> <span class='ocrx_word' id='word_1_205' title='bbox 537 2593 614 2638; x_wconf 93' lang='lat' dir='ltr'>nam</span> <span class='ocrx_word' id='word_1_206' title='bbox 636 2583 670 2638; x_wconf 89' lang='lat' dir='ltr'>et</span> <span class='ocrx_word' id='word_1_207' title='bbox 692 2595 771 2658; x_wconf 90' lang='lat' dir='ltr'>apes</span> <span class='ocrx_word' id='word_1_208' title='bbox 787 2574 876 2637; x_wconf 90' lang='lat' dir='ltr'>idem</span> <span class='ocrx_word' id='word_1_209' title='bbox 895 2573 1029 2651; x_wconf 85' lang='lat' dir='ltr'>faciunt,</span> <span class='ocrx_word' id='word_1_210' title='bbox 1044 2593 1184 2655; x_wconf 90' lang='lat' dir='ltr'>quarum</span> <span class='ocrx_word' id='word_1_211' title='bbox 1199 2581 1330 2637; x_wconf 87' lang='lat' dir='ltr'>constat</span> 
     </span>
     <span class='ocr_line' id='line_1_23' title="bbox 177 2673 1330 2761; baseline 0.002 -23"><span class='ocrx_word' id='word_1_212' title='bbox 177 2673 280 2739; x_wconf 86' lang='lat' dir='ltr'>leram</span> <span class='ocrx_word' id='word_1_213' title='bbox 308 2697 382 2740; x_wconf 86' lang='lat' dir='ltr'>esse</span> <span class='ocrx_word' id='word_1_214' title='bbox 406 2686 579 2742; x_wconf 87' lang='lat' dir='ltr'>naturam:</span> <span class='ocrx_word' id='word_1_215' title='bbox 610 2697 724 2742; x_wconf 89' lang='lat' dir='ltr'>cervos</span> <span class='ocrx_word' id='word_1_216' title='bbox 749 2695 882 2761; x_wconf 92' lang='lat' dir='ltr'>quoque</span> <span class='ocrx_word' id='word_1_217' title='bbox 905 2677 952 2741; x_wconf 90' lang='lat' dir='ltr'>ita</span> <span class='ocrx_word' id='word_1_218' title='bbox 976 2677 1112 2759; x_wconf 92' lang='lat' dir='ltr'>quidam</span> <span class='ocrx_word' id='word_1_219' title='bbox 1138 2687 1330 2742; x_wconf 86' lang='lat' dir='ltr'>mansuetos</span> 
     </span>
     <span class='ocr_line' id='line_1_24' title="bbox 177 2777 1328 2863; baseline 0.002 -22"><span class='ocrx_word' id='word_1_220' title='bbox 177 2777 315 2855; x_wconf 89' lang='lat' dir='ltr'>habent,</span> <span class='ocrx_word' id='word_1_221' title='bbox 331 2789 368 2843; x_wconf 88' lang='lat' dir='ltr'>ut</span> <span class='ocrx_word' id='word_1_222' title='bbox 388 2779 421 2842; x_wconf 93' lang='lat' dir='ltr'>in</span> <span class='ocrx_word' id='word_1_223' title='bbox 442 2780 540 2845; x_wconf 89' lang='lat' dir='ltr'>silvas</span> <span class='ocrx_word' id='word_1_224' title='bbox 561 2783 606 2844; x_wconf 91' lang='lat' dir='ltr'>ire</span> <span class='ocrx_word' id='word_1_225' title='bbox 627 2790 661 2845; x_wconf 91' lang='lat' dir='ltr'>et</span> <span class='ocrx_word' id='word_1_226' title='bbox 682 2783 788 2845; x_wconf 91' lang='lat' dir='ltr'>redire</span> <span class='ocrx_word' id='word_1_227' title='bbox 808 2779 946 2858; x_wconf 87' lang='lat' dir='ltr'>soleant,</span> <span class='ocrx_word' id='word_1_228' title='bbox 962 2799 1103 2862; x_wconf 93' lang='lat' dir='ltr'>quorum</span> <span class='ocrx_word' id='word_1_229' title='bbox 1127 2788 1161 2844; x_wconf 91' lang='lat' dir='ltr'>et</span> <span class='ocrx_word' id='word_1_230' title='bbox 1183 2781 1328 2863; x_wconf 91' lang='lat' dir='ltr'>ipsorum</span> 
     </span>
     <span class='ocr_line' id='line_1_25' title="bbox 177 2879 1329 2967; baseline 0.001 -22"><span class='ocrx_word' id='word_1_231' title='bbox 177 2879 281 2946; x_wconf 84' lang='lat' dir='ltr'>leram</span> <span class='ocrx_word' id='word_1_232' title='bbox 310 2902 382 2946; x_wconf 90' lang='lat' dir='ltr'>esse</span> <span class='ocrx_word' id='word_1_233' title='bbox 409 2892 560 2947; x_wconf 89' lang='lat' dir='ltr'>naturam</span> <span class='ocrx_word' id='word_1_234' title='bbox 588 2904 686 2948; x_wconf 93' lang='lat' dir='ltr'>nemo</span> <span class='ocrx_word' id='word_1_235' title='bbox 711 2893 823 2967; x_wconf 89' lang='lat' dir='ltr'>negat.</span> <span class='ocrx_word' id='word_1_236' title='bbox 853 2884 887 2946; x_wconf 91' lang='lat' dir='ltr'>in</span> <span class='ocrx_word' id='word_1_237' title='bbox 911 2883 1094 2948; x_wconf 85' lang='lat' dir='ltr'>bisantem</span> <span class='ocrx_word' id='word_1_238' title='bbox 1121 2881 1329 2959; x_wconf 89' lang='lat' dir='ltr'>animalibus,</span> 
     </span>
    </p>
   </div>
   <div class='ocr_carea' id='block_1_3' title="bbox 176 3117 1333 4521">
    <p class='ocr_par' dir='ltr' id='par_1_3' title="bbox 176 3117 1332 4187">
     <span class='ocr_line' id='line_1_26' title="bbox 177 3117 1330 3191; baseline 0.002 -19"><span class='ocrx_word' id='word_1_239' title='bbox 177 3117 336 3190; x_wconf 84' lang='lat' dir='ltr'>occupatio,</span> <span class='ocrx_word' id='word_1_240' title='bbox 354 3119 403 3174; x_wconf 89' lang='lat' dir='ltr'>tbe</span> <span class='ocrx_word' id='word_1_241' title='bbox 424 3119 572 3191; x_wconf 88' lang='lat' dir='ltr'>advisedly</span> <span class='ocrx_word' id='word_1_242' title='bbox 589 3121 689 3190; x_wconf 81' lang='lat' dir='ltr'>taking</span> <span class='ocrx_word' id='word_1_243' title='bbox 707 3117 871 3191; x_wconf 85' lang='lat' dir='ltr'>possession</span> <span class='ocrx_word' id='word_1_244' title='bbox 890 3119 924 3174; x_wconf 85' lang='lat' dir='ltr'>ol</span> <span class='ocrx_word' id='word_1_245' title='bbox 941 3135 978 3174; x_wconf 91' lang='lat' dir='ltr'>an</span> <span class='ocrx_word' id='word_1_246' title='bbox 997 3120 1090 3190; x_wconf 90' lang='lat' dir='ltr'>object</span> <span class='ocrx_word' id='word_1_247' title='bbox 1109 3120 1201 3176; x_wconf 81' lang='lat' dir='ltr'>which</span> <span class='ocrx_word' id='word_1_248' title='bbox 1220 3121 1273 3175; x_wconf 91' lang='lat' dir='ltr'>has</span> <span class='ocrx_word' id='word_1_249' title='bbox 1292 3137 1330 3174; x_wconf 93' lang='lat' dir='ltr'>no</span> 
     </span>
     <span class='ocr_line' id='line_1_27' title="bbox 177 3201 1331 3274; baseline 0.001 -18"><span class='ocrx_word' id='word_1_250' title='bbox 177 3217 273 3256; x_wconf 86' lang='lat' dir='ltr'>owner</span> <span class='ocrx_word' id='word_1_251' title='bbox 286 3201 343 3269; x_wconf 87' lang='lat' dir='ltr'>(res</span> <span class='ocrx_word' id='word_1_252' title='bbox 354 3202 469 3272; x_wconf 84' lang='lat' dir='ltr'>nullius)</span> <span class='ocrx_word' id='word_1_253' title='bbox 482 3204 548 3258; x_wconf 89' lang='lat' dir='ltr'>with</span> <span class='ocrx_word' id='word_1_254' title='bbox 561 3205 610 3259; x_wconf 89' lang='lat' dir='ltr'>the</span> <span class='ocrx_word' id='word_1_255' title='bbox 623 3203 762 3259; x_wconf 90' lang='lat' dir='ltr'>intention</span> <span class='ocrx_word' id='word_1_256' title='bbox 779 3203 811 3258; x_wconf 85' lang='lat' dir='ltr'>os</span> <span class='ocrx_word' id='word_1_257' title='bbox 819 3203 1033 3274; x_wconf 89' lang='lat' dir='ltr'>appropriating</span> <span class='ocrx_word' id='word_1_258' title='bbox 1046 3204 1075 3258; x_wconf 93' lang='lat' dir='ltr'>it.</span> <span class='ocrx_word' id='word_1_259' title='bbox 1112 3205 1175 3258; x_wconf 81' lang='lat' dir='ltr'>&#39;Ibe</span> <span class='ocrx_word' id='word_1_260' title='bbox 1187 3203 1331 3274; x_wconf 78' lang='lat' dir='ltr'>following</span> 
     </span>
     <span class='ocr_line' id='line_1_28' title="bbox 176 3283 1330 3354; baseline 0.001 -15"><span class='ocrx_word' id='word_1_261' title='bbox 176 3283 262 3340; x_wconf 82' lang='lat' dir='ltr'>kinds</span> <span class='ocrx_word' id='word_1_262' title='bbox 275 3285 309 3339; x_wconf 82' lang='lat' dir='ltr'>oi</span> <span class='ocrx_word' id='word_1_263' title='bbox 316 3301 361 3340; x_wconf 84' lang='lat' dir='ltr'>res</span> <span class='ocrx_word' id='word_1_264' title='bbox 380 3285 483 3341; x_wconf 89' lang='lat' dir='ltr'>nullius</span> <span class='ocrx_word' id='word_1_265' title='bbox 499 3303 547 3342; x_wconf 89' lang='lat' dir='ltr'>are</span> <span class='ocrx_word' id='word_1_266' title='bbox 564 3285 728 3342; x_wconf 87' lang='lat' dir='ltr'>mentioned</span> <span class='ocrx_word' id='word_1_267' title='bbox 745 3287 774 3340; x_wconf 90' lang='lat' dir='ltr'>in</span> <span class='ocrx_word' id='word_1_268' title='bbox 792 3287 841 3340; x_wconf 89' lang='lat' dir='ltr'>the</span> <span class='ocrx_word' id='word_1_269' title='bbox 859 3295 935 3341; x_wconf 83' lang='lat' dir='ltr'>text:</span> <span class='ocrx_word' id='word_1_270' title='bbox 954 3285 1018 3340; x_wconf 88' lang='lat' dir='ltr'>wild</span> <span class='ocrx_word' id='word_1_271' title='bbox 1031 3285 1160 3353; x_wconf 88' lang='lat' dir='ltr'>animals,</span> <span class='ocrx_word' id='word_1_272' title='bbox 1172 3285 1259 3354; x_wconf 90' lang='lat' dir='ltr'>birds,</span> <span class='ocrx_word' id='word_1_273' title='bbox 1272 3285 1330 3340; x_wconf 88' lang='lat' dir='ltr'>and</span> 
     </span>
     <span class='ocr_line' id='line_1_29' title="bbox 177 3365 1330 3441; baseline 0 -19"><span class='ocrx_word' id='word_1_274' title='bbox 177 3367 273 3436; x_wconf 80' lang='lat' dir='ltr'>habes,</span> <span class='ocrx_word' id='word_1_275' title='bbox 287 3365 320 3439; x_wconf 64' lang='grc' dir='ltr'>ξς</span> <span class='ocrx_word' id='word_1_276' title='bbox 337 3369 441 3423; x_wconf 83' lang='lat'>12-16:</span> <span class='ocrx_word' id='word_1_277' title='bbox 460 3369 593 3424; x_wconf 86' lang='lat' dir='ltr'>enemies’</span> <span class='ocrx_word' id='word_1_278' title='bbox 608 3379 749 3441; x_wconf 87' lang='lat' dir='ltr'>property,</span> <span class='ocrx_word' id='word_1_279' title='bbox 764 3367 778 3439; x_wconf 72' lang='grc' dir='ltr'><strong>ξ</strong></span> <span class='ocrx_word' id='word_1_280' title='bbox 797 3381 846 3436; x_wconf 89' lang='lat'>17:</span> <span class='ocrx_word' id='word_1_281' title='bbox 866 3379 963 3424; x_wconf 87' lang='lat' dir='ltr'>stones</span> <span class='ocrx_word' id='word_1_282' title='bbox 976 3369 1034 3423; x_wconf 90' lang='lat' dir='ltr'>and</span> <span class='ocrx_word' id='word_1_283' title='bbox 1052 3368 1169 3439; x_wconf 86' lang='lat' dir='ltr'>pebbles</span> <span class='ocrx_word' id='word_1_284' title='bbox 1186 3368 1274 3422; x_wconf 80' lang='lat' dir='ltr'>found</span> <span class='ocrx_word' id='word_1_285' title='bbox 1293 3384 1330 3423; x_wconf 91' lang='lat' dir='ltr'>on</span> 
     </span>
     <span class='ocr_line' id='line_1_30' title="bbox 178 3450 1330 3524; baseline -0.001 -17"><span class='ocrx_word' id='word_1_286' title='bbox 178 3451 226 3507; x_wconf 87' lang='lat' dir='ltr'>tbe</span> <span class='ocrx_word' id='word_1_287' title='bbox 239 3452 411 3520; x_wconf 85' lang='lat' dir='ltr'>seashore,§</span> <span class='ocrx_word' id='word_1_288' title='bbox 429 3454 479 3507; x_wconf 86' lang='lat'>18:</span> <span class='ocrx_word' id='word_1_289' title='bbox 498 3452 605 3508; x_wconf 87' lang='lat' dir='ltr'>islanda</span> <span class='ocrx_word' id='word_1_290' title='bbox 618 3453 707 3522; x_wconf 86' lang='lat' dir='ltr'>rising</span> <span class='ocrx_word' id='word_1_291' title='bbox 719 3451 748 3508; x_wconf 93' lang='lat' dir='ltr'>in</span> <span class='ocrx_word' id='word_1_292' title='bbox 765 3453 814 3508; x_wconf 89' lang='lat' dir='ltr'>the</span> <span class='ocrx_word' id='word_1_293' title='bbox 833 3469 891 3522; x_wconf 85' lang='lat' dir='ltr'>sea,</span> <span class='ocrx_word' id='word_1_294' title='bbox 906 3451 920 3524; x_wconf 80' lang='lat'>§</span> <span class='ocrx_word' id='word_1_295' title='bbox 935 3467 988 3506; x_wconf 85' lang='lat' dir='ltr'>az:</span> <span class='ocrx_word' id='word_1_296' title='bbox 1007 3461 1232 3521; x_wconf 66' lang='lat' dir='ltr'>measure-trove,</span> <span class='ocrx_word' id='word_1_297' title='bbox 1248 3450 1262 3524; x_wconf 67' lang='grc' dir='ltr'><strong>ξ</strong></span> <span class='ocrx_word' id='word_1_298' title='bbox 1277 3465 1330 3521; x_wconf 84' lang='lat'>39:</span> 
     </span>
     <span class='ocr_line' id='line_1_31' title="bbox 178 3533 1331 3606; baseline 0 -16"><span class='ocrx_word' id='word_1_299' title='bbox 178 3535 236 3590; x_wconf 84' lang='lat' dir='ltr'>and</span> <span class='ocrx_word' id='word_1_300' title='bbox 257 3553 304 3590; x_wconf 79' lang='lat' dir='ltr'>res</span> <span class='ocrx_word' id='word_1_301' title='bbox 324 3535 484 3605; x_wconf 81' lang='lat' dir='ltr'>derelictae,</span> <span class='ocrx_word' id='word_1_302' title='bbox 498 3533 513 3606; x_wconf 68' lang='grc' dir='ltr'><strong>ξ</strong></span> <span class='ocrx_word' id='word_1_303' title='bbox 527 3549 569 3604; x_wconf 84' lang='grc'>47.</span> <span class='ocrx_word' id='word_1_304' title='bbox 607 3537 670 3591; x_wconf 63' lang='lat' dir='ltr'>Tm</span> <span class='ocrx_word' id='word_1_305' title='bbox 690 3537 818 3591; x_wconf 86' lang='lat' dir='ltr'>Romans</span> <span class='ocrx_word' id='word_1_306' title='bbox 840 3536 897 3591; x_wconf 88' lang='lat' dir='ltr'>bad</span> <span class='ocrx_word' id='word_1_307' title='bbox 919 3551 958 3590; x_wconf 90' lang='lat' dir='ltr'>no</span> <span class='ocrx_word' id='word_1_308' title='bbox 982 3551 1066 3604; x_wconf 87' lang='lat' dir='ltr'>game</span> <span class='ocrx_word' id='word_1_309' title='bbox 1086 3535 1163 3604; x_wconf 84' lang='lat' dir='ltr'>laws,</span> <span class='ocrx_word' id='word_1_310' title='bbox 1185 3535 1276 3590; x_wconf 89' lang='lat' dir='ltr'>which</span> <span class='ocrx_word' id='word_1_311' title='bbox 1302 3535 1331 3590; x_wconf 92' lang='lat' dir='ltr'>in</span> 
     </span>
     <span class='ocr_line' id='line_1_32' title="bbox 178 3617 1331 3688; baseline 0.003 -16"><span class='ocrx_word' id='word_1_312' title='bbox 178 3617 313 3688; x_wconf 88' lang='lat' dir='ltr'>England</span> <span class='ocrx_word' id='word_1_313' title='bbox 333 3635 408 3688; x_wconf 89' lang='lat' dir='ltr'>grew</span> <span class='ocrx_word' id='word_1_314' title='bbox 429 3628 478 3674; x_wconf 91' lang='lat' dir='ltr'>out</span> <span class='ocrx_word' id='word_1_315' title='bbox 497 3619 529 3673; x_wconf 88' lang='lat' dir='ltr'>oi</span> <span class='ocrx_word' id='word_1_316' title='bbox 545 3618 696 3674; x_wconf 80' lang='lat' dir='ltr'>feudalism</span> <span class='ocrx_word' id='word_1_317' title='bbox 718 3618 776 3674; x_wconf 86' lang='lat' dir='ltr'>and</span> <span class='ocrx_word' id='word_1_318' title='bbox 798 3617 845 3674; x_wconf 88' lang='lat' dir='ltr'>the</span> <span class='ocrx_word' id='word_1_319' title='bbox 865 3629 944 3688; x_wconf 86' lang='lat' dir='ltr'>great</span> <span class='ocrx_word' id='word_1_320' title='bbox 965 3618 1067 3673; x_wconf 82' lang='lat' dir='ltr'>foresta</span> <span class='ocrx_word' id='word_1_321' title='bbox 1086 3619 1119 3672; x_wconf 84' lang='lat' dir='ltr'>os</span> <span class='ocrx_word' id='word_1_322' title='bbox 1132 3619 1182 3672; x_wconf 86' lang='lat' dir='ltr'>the</span> <span class='ocrx_word' id='word_1_323' title='bbox 1201 3619 1331 3675; x_wconf 88' lang='lat' dir='ltr'>Norman</span> 
     </span>
     <span class='ocr_line' id='line_1_33' title="bbox 177 3699 1331 3773; baseline 0.003 -18"><span class='ocrx_word' id='word_1_324' title='bbox 177 3700 260 3770; x_wconf 74' lang='lat' dir='ltr'>iringa</span> <span class='ocrx_word' id='word_1_325' title='bbox 278 3699 342 3756; x_wconf 83' lang='lat' dir='ltr'>&#39;and</span> <span class='ocrx_word' id='word_1_326' title='bbox 362 3700 490 3772; x_wconf 82' lang='lat' dir='ltr'>nobility.</span> <span class='ocrx_word' id='word_1_327' title='bbox 527 3703 613 3756; x_wconf 89' lang='lat' dir='ltr'>Some</span> <span class='ocrx_word' id='word_1_328' title='bbox 633 3701 740 3757; x_wconf 82' lang='lat' dir='ltr'>writers</span> <span class='ocrx_word' id='word_1_329' title='bbox 759 3701 832 3756; x_wconf 88' lang='lat' dir='ltr'>have</span> <span class='ocrx_word' id='word_1_330' title='bbox 854 3701 1029 3757; x_wconf 87' lang='lat' dir='ltr'>maintained</span> <span class='ocrx_word' id='word_1_331' title='bbox 1048 3702 1097 3757; x_wconf 88' lang='lat' dir='ltr'>the</span> <span class='ocrx_word' id='word_1_332' title='bbox 1119 3711 1258 3773; x_wconf 84' lang='lat' dir='ltr'>contrary,</span> <span class='ocrx_word' id='word_1_333' title='bbox 1280 3703 1331 3758; x_wconf 92' lang='lat' dir='ltr'>but</span> 
     </span>
     <span class='ocr_line' id='line_1_34' title="bbox 179 3783 1331 3857; baseline 0.003 -19"><span class='ocrx_word' id='word_1_334' title='bbox 179 3783 246 3853; x_wconf 89' lang='lat' dir='ltr'>Dig.</span> <span class='ocrx_word' id='word_1_335' title='bbox 258 3797 303 3851; x_wconf 85' lang='lat'>47.</span> <span class='ocrx_word' id='word_1_336' title='bbox 319 3799 358 3838; x_wconf 90' lang='lat'>10.</span> <span class='ocrx_word' id='word_1_337' title='bbox 375 3799 415 3853; x_wconf 85' lang='lat'>13.</span> <span class='ocrx_word' id='word_1_338' title='bbox 429 3797 444 3852; x_wconf 92' lang='lat'><em>7</em></span> <span class='ocrx_word' id='word_1_339' title='bbox 458 3785 482 3839; x_wconf 89' lang='lat' dir='ltr'>is</span> <span class='ocrx_word' id='word_1_340' title='bbox 495 3783 607 3855; x_wconf 87' lang='lat' dir='ltr'>explicit</span> <span class='ocrx_word' id='word_1_341' title='bbox 620 3795 649 3840; x_wconf 90' lang='lat' dir='ltr'>to</span> <span class='ocrx_word' id='word_1_342' title='bbox 662 3786 711 3840; x_wconf 91' lang='lat' dir='ltr'>the</span> <span class='ocrx_word' id='word_1_343' title='bbox 728 3785 811 3840; x_wconf 84' lang='lat' dir='ltr'>eisect</span> <span class='ocrx_word' id='word_1_344' title='bbox 824 3786 885 3840; x_wconf 89' lang='lat' dir='ltr'>that</span> <span class='ocrx_word' id='word_1_345' title='bbox 898 3787 947 3840; x_wconf 87' lang='lat' dir='ltr'>the</span> <span class='ocrx_word' id='word_1_346' title='bbox 964 3785 1127 3842; x_wconf 87' lang='lat' dir='ltr'>landowner</span> <span class='ocrx_word' id='word_1_347' title='bbox 1143 3803 1197 3841; x_wconf 89' lang='lat' dir='ltr'>can</span> <span class='ocrx_word' id='word_1_348' title='bbox 1214 3797 1331 3857; x_wconf 87' lang='lat' dir='ltr'>prevent</span> 
     </span>
     <span class='ocr_line' id='line_1_35' title="bbox 179 3866 1331 3939; baseline 0.001 -17"><span class='ocrx_word' id='word_1_349' title='bbox 179 3868 273 3922; x_wconf 88' lang='lat' dir='ltr'>others</span> <span class='ocrx_word' id='word_1_350' title='bbox 293 3866 376 3936; x_wconf 90' lang='lat' dir='ltr'>(even</span> <span class='ocrx_word' id='word_1_351' title='bbox 395 3867 433 3936; x_wconf 92' lang='lat' dir='ltr'>by</span> <span class='ocrx_word' id='word_1_352' title='bbox 451 3868 536 3936; x_wconf 84' lang='lat' dir='ltr'>soree,</span> <span class='ocrx_word' id='word_1_353' title='bbox 556 3867 615 3923; x_wconf 87' lang='lat' dir='ltr'>Cic.</span> <span class='ocrx_word' id='word_1_354' title='bbox 634 3884 686 3937; x_wconf 92' lang='lat' dir='ltr'>pro</span> <span class='ocrx_word' id='word_1_355' title='bbox 705 3869 788 3922; x_wconf 88' lang='lat' dir='ltr'>Caec.</span> <span class='ocrx_word' id='word_1_356' title='bbox 802 3867 827 3936; x_wconf 87' lang='lat'>8,</span> <span class='ocrx_word' id='word_1_357' title='bbox 848 3867 967 3937; x_wconf 78' lang='lat' dir='ltr'>Dig.43.</span> <span class='ocrx_word' id='word_1_358' title='bbox 984 3869 1024 3922; x_wconf 82' lang='lat'>16.</span> <span class='ocrx_word' id='word_1_359' title='bbox 1038 3883 1061 3937; x_wconf 89' lang='lat'>3.</span> <span class='ocrx_word' id='word_1_360' title='bbox 1075 3869 1104 3939; x_wconf 91' lang='lat'>9)</span> <span class='ocrx_word' id='word_1_361' title='bbox 1123 3869 1196 3923; x_wconf 82' lang='lat' dir='ltr'>from</span> <span class='ocrx_word' id='word_1_362' title='bbox 1216 3869 1331 3938; x_wconf 86' lang='lat' dir='ltr'>coming</span> 
     </span>
     <span class='ocr_line' id='line_1_36' title="bbox 179 3949 1332 4021; baseline 0.002 -17"><span class='ocrx_word' id='word_1_363' title='bbox 179 3965 216 4004; x_wconf 92' lang='lat' dir='ltr'>on</span> <span class='ocrx_word' id='word_1_364' title='bbox 237 3949 282 4005; x_wconf 91' lang='lat' dir='ltr'>bis</span> <span class='ocrx_word' id='word_1_365' title='bbox 304 3950 381 4017; x_wconf 92' lang='lat' dir='ltr'>land,</span> <span class='ocrx_word' id='word_1_366' title='bbox 399 3950 450 4006; x_wconf 89' lang='lat' dir='ltr'>but</span> <span class='ocrx_word' id='word_1_367' title='bbox 468 3961 518 4005; x_wconf 90' lang='lat' dir='ltr'>not</span> <span class='ocrx_word' id='word_1_368' title='bbox 534 3951 607 4004; x_wconf 89' lang='lat' dir='ltr'>irom</span> <span class='ocrx_word' id='word_1_369' title='bbox 626 3950 783 4020; x_wconf 81' lang='lat' dir='ltr'>exercising</span> <span class='ocrx_word' id='word_1_370' title='bbox 801 3950 950 4021; x_wconf 90' lang='lat' dir='ltr'>occupatio</span> <span class='ocrx_word' id='word_1_371' title='bbox 968 3953 1049 4006; x_wconf 87' lang='lat' dir='ltr'>when</span> <span class='ocrx_word' id='word_1_372' title='bbox 1068 3954 1154 4007; x_wconf 87' lang='lat' dir='ltr'>there.</span> <span class='ocrx_word' id='word_1_373' title='bbox 1195 3953 1221 4006; x_wconf 93' lang='lat' dir='ltr'>lt</span> <span class='ocrx_word' id='word_1_374' title='bbox 1240 3952 1332 4006; x_wconf 86' lang='lat' dir='ltr'>would</span> 
     </span>
     <span class='ocr_line' id='line_1_37' title="bbox 180 4033 1331 4104; baseline 0 -16"><span class='ocrx_word' id='word_1_375' title='bbox 180 4049 257 4088; x_wconf 86' lang='lat' dir='ltr'>seem</span> <span class='ocrx_word' id='word_1_376' title='bbox 275 4034 349 4088; x_wconf 88' lang='lat' dir='ltr'>from</span> <span class='ocrx_word' id='word_1_377' title='bbox 367 4035 416 4088; x_wconf 89' lang='lat' dir='ltr'>the</span> <span class='ocrx_word' id='word_1_378' title='bbox 435 4045 493 4089; x_wconf 88' lang='lat' dir='ltr'>text</span> <span class='ocrx_word' id='word_1_379' title='bbox 511 4035 574 4089; x_wconf 91' lang='lat' dir='ltr'>that</span> <span class='ocrx_word' id='word_1_380' title='bbox 592 4051 706 4104; x_wconf 88' lang='lat' dir='ltr'>express</span> <span class='ocrx_word' id='word_1_381' title='bbox 725 4033 819 4088; x_wconf 88' lang='lat' dir='ltr'>notice</span> <span class='ocrx_word' id='word_1_382' title='bbox 839 4044 888 4090; x_wconf 90' lang='lat' dir='ltr'>not</span> <span class='ocrx_word' id='word_1_383' title='bbox 911 4044 941 4090; x_wconf 92' lang='lat' dir='ltr'>to</span> <span class='ocrx_word' id='word_1_384' title='bbox 958 4045 1039 4090; x_wconf 90' lang='lat' dir='ltr'>enter</span> <span class='ocrx_word' id='word_1_385' title='bbox 1055 4051 1112 4089; x_wconf 85' lang='lat' dir='ltr'>was</span> <span class='ocrx_word' id='word_1_386' title='bbox 1132 4051 1284 4102; x_wconf 87' lang='lat' dir='ltr'>necessary</span> <span class='ocrx_word' id='word_1_387' title='bbox 1302 4043 1331 4088; x_wconf 92' lang='lat' dir='ltr'>to</span> 
     </span>
     <span class='ocr_line' id='line_1_38' title="bbox 180 4115 726 4187; baseline 0.002 -16"><span class='ocrx_word' id='word_1_388' title='bbox 180 4117 332 4174; x_wconf 86' lang='lat' dir='ltr'>constitute</span> <span class='ocrx_word' id='word_1_389' title='bbox 345 4134 363 4172; x_wconf 91' lang='lat' dir='ltr'>a</span> <span class='ocrx_word' id='word_1_390' title='bbox 375 4127 500 4187; x_wconf 88' lang='lat' dir='ltr'>trespass</span> <span class='ocrx_word' id='word_1_391' title='bbox 513 4115 542 4171; x_wconf 90' lang='lat' dir='ltr'>in</span> <span class='ocrx_word' id='word_1_392' title='bbox 555 4135 639 4187; x_wconf 89' lang='lat' dir='ltr'>every</span> <span class='ocrx_word' id='word_1_393' title='bbox 651 4133 726 4172; x_wconf 90' lang='lat' dir='ltr'>case.</span> 
     </span>
    </p>

    <p class='ocr_par' dir='ltr' id='par_1_4' title="bbox 180 4197 1332 4438">
     <span class='ocr_line' id='line_1_39' title="bbox 215 4197 1332 4270; baseline -0.004 -16"><span class='ocrx_word' id='word_1_394' title='bbox 215 4203 288 4269; x_wconf 61' lang='lat' dir='ltr'>§lta</span> <span class='ocrx_word' id='word_1_395' title='bbox 308 4201 371 4255; x_wconf 89' lang='lat' dir='ltr'>The</span> <span class='ocrx_word' id='word_1_396' title='bbox 390 4200 460 4254; x_wconf 88' lang='lat' dir='ltr'>view</span> <span class='ocrx_word' id='word_1_397' title='bbox 478 4201 546 4254; x_wconf 90' lang='lat' dir='ltr'>here</span> <span class='ocrx_word' id='word_1_398' title='bbox 565 4200 720 4255; x_wconf 89' lang='lat' dir='ltr'>confirmed</span> <span class='ocrx_word' id='word_1_399' title='bbox 736 4199 775 4270; x_wconf 91' lang='lat' dir='ltr'>by</span> <span class='ocrx_word' id='word_1_400' title='bbox 786 4200 927 4269; x_wconf 89' lang='lat' dir='ltr'>Justinian</span> <span class='ocrx_word' id='word_1_401' title='bbox 940 4217 997 4254; x_wconf 86' lang='lat' dir='ltr'>was</span> <span class='ocrx_word' id='word_1_402' title='bbox 1016 4201 1078 4254; x_wconf 92' lang='lat' dir='ltr'>that</span> <span class='ocrx_word' id='word_1_403' title='bbox 1096 4209 1170 4253; x_wconf 90' lang='lat' dir='ltr'>most</span> <span class='ocrx_word' id='word_1_404' title='bbox 1188 4197 1332 4267; x_wconf 90' lang='lat' dir='ltr'>generally</span> 
     </span>
     <span class='ocr_line' id='line_1_40' title="bbox 180 4281 1332 4354; baseline -0.003 -16"><span class='ocrx_word' id='word_1_405' title='bbox 180 4283 254 4353; x_wconf 89' lang='lat' dir='ltr'>held,</span> <span class='ocrx_word' id='word_1_406' title='bbox 269 4283 335 4353; x_wconf 89' lang='lat' dir='ltr'>Dig.</span> <span class='ocrx_word' id='word_1_407' title='bbox 350 4299 394 4351; x_wconf 87' lang='lat'>41.</span> <span class='ocrx_word' id='word_1_408' title='bbox 410 4299 431 4338; x_wconf 92' lang='lat'>1.</span> <span class='ocrx_word' id='word_1_409' title='bbox 448 4295 470 4354; x_wconf 79' lang='grc' dir='ltr'>ς.</span> <span class='ocrx_word' id='word_1_410' title='bbox 488 4301 519 4337; x_wconf 86' lang='lat' dir='ltr'>r:</span> <span class='ocrx_word' id='word_1_411' title='bbox 538 4285 587 4340; x_wconf 89' lang='lat' dir='ltr'>the</span> <span class='ocrx_word' id='word_1_412' title='bbox 602 4285 684 4339; x_wconf 89' lang='lat' dir='ltr'>other</span> <span class='ocrx_word' id='word_1_413' title='bbox 695 4301 753 4338; x_wconf 90' lang='lat' dir='ltr'>was</span> <span class='ocrx_word' id='word_1_414' title='bbox 772 4285 833 4340; x_wconf 91' lang='lat' dir='ltr'>that</span> <span class='ocrx_word' id='word_1_415' title='bbox 851 4285 883 4338; x_wconf 86' lang='lat' dir='ltr'>of</span> <span class='ocrx_word' id='word_1_416' title='bbox 892 4283 1051 4354; x_wconf 86' lang='lat' dir='ltr'>Trebatius,</span> <span class='ocrx_word' id='word_1_417' title='bbox 1064 4284 1159 4337; x_wconf 89' lang='lat' dir='ltr'>whose</span> <span class='ocrx_word' id='word_1_418' title='bbox 1175 4281 1291 4352; x_wconf 91' lang='lat' dir='ltr'>opinion</span> <span class='ocrx_word' id='word_1_419' title='bbox 1308 4281 1332 4336; x_wconf 92' lang='lat' dir='ltr'>is</span> 
     </span>
     <span class='ocr_line' id='line_1_41' title="bbox 181 4366 884 4438; baseline 0 -18"><span class='ocrx_word' id='word_1_420' title='bbox 181 4366 277 4438; x_wconf 90' lang='lat' dir='ltr'>highly</span> <span class='ocrx_word' id='word_1_421' title='bbox 290 4367 401 4437; x_wconf 88' lang='lat' dir='ltr'>spoken</span> <span class='ocrx_word' id='word_1_422' title='bbox 413 4366 483 4421; x_wconf 84' lang='lat' dir='ltr'>ofin</span> <span class='ocrx_word' id='word_1_423' title='bbox 497 4368 611 4436; x_wconf 88' lang='lat' dir='ltr'>general</span> <span class='ocrx_word' id='word_1_424' title='bbox 624 4367 652 4421; x_wconf 93' lang='lat' dir='ltr'>in</span> <span class='ocrx_word' id='word_1_425' title='bbox 666 4366 720 4422; x_wconf 88' lang='lat' dir='ltr'>Tit.</span> <span class='ocrx_word' id='word_1_426' title='bbox 735 4379 768 4436; x_wconf 83' lang='lat'>25</span> <span class='ocrx_word' id='word_1_427' title='bbox 781 4383 823 4437; x_wconf 92' lang='lat' dir='ltr'>pr.</span> <span class='ocrx_word' id='word_1_428' title='bbox 836 4366 884 4421; x_wconf 88' lang='lat' dir='ltr'>inl.</span> 
     </span>
    </p>

    <p class='ocr_par' dir='ltr' id='par_1_5' title="bbox 214 4447 1333 4521">
     <span class='ocr_line' id='line_1_42' title="bbox 214 4447 1333 4521; baseline -0.002 -16"><span class='ocrx_word' id='word_1_429' title='bbox 214 4452 290 4518; x_wconf 66' lang='lat' dir='ltr'>§ld</span> <span class='ocrx_word' id='word_1_430' title='bbox 308 4449 440 4505; x_wconf 82' lang='lat' dir='ltr'>Animals</span> <span class='ocrx_word' id='word_1_431' title='bbox 458 4449 524 4505; x_wconf 90' lang='lat' dir='ltr'>wild</span> <span class='ocrx_word' id='word_1_432' title='bbox 542 4451 581 4521; x_wconf 94' lang='lat' dir='ltr'>by</span> <span class='ocrx_word' id='word_1_433' title='bbox 598 4459 706 4520; x_wconf 87' lang='lat' dir='ltr'>nature,</span> <span class='ocrx_word' id='word_1_434' title='bbox 724 4450 775 4506; x_wconf 90' lang='lat' dir='ltr'>but</span> <span class='ocrx_word' id='word_1_435' title='bbox 794 4449 886 4505; x_wconf 91' lang='lat' dir='ltr'>which</span> <span class='ocrx_word' id='word_1_436' title='bbox 907 4449 966 4504; x_wconf 90' lang='lat' dir='ltr'>had</span> <span class='ocrx_word' id='word_1_437' title='bbox 985 4449 1058 4505; x_wconf 86' lang='lat' dir='ltr'>been</span> <span class='ocrx_word' id='word_1_438' title='bbox 1078 4447 1209 4519; x_wconf 87' lang='lat' dir='ltr'>partially</span> <span class='ocrx_word' id='word_1_439' title='bbox 1227 4447 1333 4516; x_wconf 77' lang='lat' dir='ltr'>lamed,</span> 
     </span>
    </p>
   </div>
   <div class='ocr_carea' id='block_1_4' title="bbox 0 0 1595 5022">
    <p class='ocr_par' dir='ltr' id='par_1_6' title="bbox 0 0 1595 5022">
     <span class='ocr_line' id='line_1_43' title="bbox 0 0 1595 5022; baseline 0 0"><span class='ocrx_word' id='word_1_440' title='bbox 0 0 1595 5022; x_wconf 95' lang='lat' dir='ltr'> </span> 
     </span>
    </p>
   </div>
  </div>
 </body>
</html>
