3148 5024
240 297 306 358 404
443 285 795 344 rvsrrrurrorvurr
811 285 931 340 cram
950 285 1184 358 QUATTUOR.
1271 287 1334 354 [nt.
1345 292 1392 341 111.

241 453 498 536 obligationibus
524 451 693 527 adiciatur,
724 450 804 516 nihil
831 452 920 518 valet
946 452 1125 537 stipulatio.
1179 453 1390 537 impossibilis

242 569 354 623 autem
384 558 533 622 condicio
562 556 713 631 habetur,
740 556 792 621 cui
823 567 939 622 natura
965 557 1205 641 impedimento
1235 568 1293 636 est,
1322 578 1390 640 quo

242 663 350 726 minus
374 661 508 738 existat,
531 660 633 726 veluti
660 662 687 724 si
714 661 787 743 quis
818 660 864 725 ita
894 663 1035 727 dixerit:
1060 664 1104 726 ‘si
1128 663 1233 746 digito
1263 661 1389 726 caelum

241 765 391 850 attiger0,
406 767 484 830 dare
504 761 688 848 spondesl'
711 775 746 830 at
769 765 796 829 si
812 765 857 830 ita
877 765 1060 849 stipuletur,
1076 767 1123 830 ‘si
1138 767 1243 850 digito
1261 765 1389 829 caelum

241 890 307 934 non
326 870 476 955 attigero,
494 871 574 934 dare
596 866 779 952 spondesl’
805 889 886 952 pure
906 867 994 934 sacta
1014 869 1174 952 obligatio
1190 868 1390 950 intellegitur

194 985 227 1040 12
241 976 382 1058 ideoque
402 975 514 1040 statim
534 984 647 1058 petere
668 983 789 1057 potest.
835 975 922 1038 Item
940 974 1114 1040 verborum
1131 974 1290 1056 obligatio
1306 973 1390 1037 inter

240 1080 394 1144 absentes
409 1088 571 1161 concepta
590 1077 713 1141 inutilis
733 1084 793 1142 est.
830 1078 888 1142 sed
910 1098 985 1142 cum
1007 1077 1071 1142 hoc
1094 1081 1266 1143 materiam
1282 1077 1388 1140 litium

239 1182 453 1248 contentiosis
481 1181 671 1246 hominibus
700 1183 899 1264 praestabat,
926 1182 1012 1248 forte
1040 1191 1117 1266 post
1143 1193 1276 1266 tempus
1305 1182 1389 1246 tales

238 1285 456 1370 allegationes
478 1286 722 1369 opponentibus
745 1295 779 1350 et
802 1307 868 1350 non
891 1297 1083 1370 praesentes
1106 1309 1178 1352 esse
1200 1287 1253 1352 vel
1274 1308 1311 1351 se
1335 1285 1389 1351 vel

238 1389 443 1455 adversarios
477 1411 554 1455 suos
593 1391 891 1455 contendentibus:
930 1391 1005 1456 ideo
1046 1401 1159 1456 nostra
1196 1394 1389 1457 constitutio

237 1504 374 1578 propter
388 1493 589 1559 celeritatem
605 1495 862 1559 dirimendamm
879 1493 987 1559 litium
1008 1496 1195 1561 introducta
1210 1507 1271 1571 est,
1287 1517 1389 1580 quam

237 1601 281 1662 ad
299 1598 537 1664 Caesareenses
554 1600 733 1662 advocatos
754 1600 951 1683 scripsimus,
967 1620 1027 1683 per
1046 1620 1145 1682 quam
1167 1600 1390 1683 disposuimus

237 1702 322 1768 tales
342 1702 527 1786 scripturas,
545 1723 630 1785 quae
650 1713 784 1785 praesto
803 1724 874 1767 esse
894 1714 1004 1787 partes
1026 1704 1179 1783 indicant,
1195 1705 1389 1768 omnimodo

238 1829 309 1871 esse
332 1807 523 1883 credendas,
548 1807 609 1870 nisi
632 1806 711 1889 ipse,
733 1807 790 1890 qui
814 1808 936 1872 talibus
959 1808 1062 1872 utitur
1083 1807 1242 1891 improbis
1265 1808 1389 1890 allega·

237 1911 392 1989 tionibus,
408 1909 682 1974 manifestissimis
700 1911 951 1992 probationibus
970 1911 1023 1975 vel
1043 1932 1104 1995 per
1122 1914 1317 1994 scripturam
1335 1912 1389 1977 vel

236 2035 295 2098 per
321 2024 423 2080 testes
453 2014 590 2077 idoneos
616 2015 848 2096 approbaverit
879 2015 912 2079 in
939 2015 1011 2100 ipso
1037 2024 1110 2080 toto
1137 2017 1191 2081 die
1217 2039 1284 2100 quo
1310 2038 1389 2082 con-

236 2120 407 2186 ficiebatur
430 2121 685 2184 instrumentum
709 2141 782 2183 sese
805 2121 859 2185 vel
885 2121 1109 2186 adversarium
1135 2143 1230 2185 suum
1256 2123 1289 2186 in
1315 2121 1388 2186 aliis

189 2232 222 2290 13
236 2223 317 2290 locis
340 2246 420 2290 esse.
466 2225 545 2288 Post
568 2234 709 2287 mortem
735 2243 828 2286 suam
853 2221 923 2286 dari
948 2223 1011 2286 sibi
1035 2242 1133 2287 nemo
1156 2222 1305 2304 stipulari
1327 2243 1388 2306 po-

235 2339 329 2405 terat,
348 2350 414 2393 non
429 2329 535 2410 magis
557 2347 659 2410 quam
682 2335 759 2410 post
781 2328 851 2390 elus
875 2337 1016 2391 mortem
1034 2347 1055 2390 a
1075 2347 1141 2410 quo
1156 2325 1386 2408 stipulabatur.

234 2453 273 2497 ac
306 2454 348 2497 ne
378 2433 413 2511 is,
439 2431 496 2514 qui
526 2431 560 2494 in
592 2430 729 2494 alicuius
759 2439 927 2513 potestate
954 2439 1012 2507 est,
1040 2439 1116 2514 post
1146 2440 1287 2494 mortem
1317 2432 1388 2493 eius

235 2535 383 2618 stipulari
405 2542 544 2617 poterat,
568 2534 646 2616 quia
671 2536 776 2617 patris
801 2535 854 2599 vel
879 2534 1005 2599 domini
1033 2555 1113 2598 voce
1136 2532 1226 2616 loqui
1247 2533 1387 2598 videtur.

235 2639 343 2704 sedet
362 2639 390 2702 si
411 2639 484 2720 quis
507 2637 553 2702 ita
568 2637 753 2720 stipuletur,
769 2639 892 2722 ‘pridie
914 2659 1015 2721 quam
1032 2635 1166 2702 moriar'
1189 2637 1243 2701 vel
1264 2638 1388 2720 ‘pridie

235 2764 336 2826 quam
360 2742 506 2806 morieris
532 2738 644 2806 darit’
667 2742 791 2806 inutilis
816 2751 887 2807 erat
916 2743 1097 2826 stipulatio
1149 2743 1208 2806 sed
1235 2763 1322 2818 cum,
1349 2751 1388 2806 ut

234 2848 301 2910 iam
329 2842 463 2910 'dictum
496 2854 555 2925 est,
586 2867 631 2909 ex
663 2865 823 2910 consensu
857 2845 1124 2911 contrahentium
1158 2846 1387 2930 stipulationes

234 2951 354 3030 valent,
378 2949 502 3033 placuit
532 2950 626 3014 nobis
653 2949 753 3013 etiam
784 2951 817 3013 in
845 2949 934 3014 hunc
963 2951 1041 3013 iuris
1070 2950 1244 3014 articulum
1276 2971 1388 3016 neces·

234 3167 372 3237 positions
386 3183 434 3222 see
447 3183 484 3221 on
498 3165 550 3220 Bk.
564 3165 590 3220 ii.
608 3180 646 3232 14
664 3181 696 3218 ro
709 3181 784 3234 supr.
820 3166 847 3219 A
859 3165 1004 3220 condition
1021 3165 1045 3222 is
1063 3165 1227 3236 impossible
1241 3167 1280 3236 (1)
1294 3167 1387 3222 which

235 3261 339 3305 cannot
352 3250 410 3306 and
422 3267 509 3306 never
520 3248 605 3304 could
617 3249 689 3303 have
702 3247 775 3302 been
788 3247 913 3317 fullilled,
927 3249 993 3320 quia
1010 3259 1111 3304 natura
1126 3249 1330 3319 impedimento
1342 3260 1387 3306 est

235 3331 1388 3405 (absolutepbysicalimpossibility)‚orwhichcoutemplatesthenon-occurrence

234 3419 268 3472 ol
276 3420 324 3473 the
337 3435 496 3487 necessary,
509 3433 534 3472 e.
542 3434 569 3486 g.
582 3415 606 3470 si
619 3432 764 3486 nunquam
778 3415 882 3470 moriar
895 3433 902 3484 ;
921 3433 953 3470 or
967 3416 1005 3487 (2)
1020 3416 1111 3471 which
1124 3417 1214 3486 might
1226 3417 1299 3472 have
1312 3418 1387 3474 been

234 3501 351 3555 lulfilled
363 3501 454 3556 under
465 3501 547 3554 other
559 3497 788 3566 circumstances,
802 3498 852 3553 but
869 3517 932 3554 now
946 3510 1059 3569 cannot,
1071 3500 1115 3555 for
1127 3501 1175 3555 the
1192 3517 1271 3555 same
1284 3517 1387 3556 reason

236 3583 362 3650 (relative
377 3581 505 3652 physical
525 3581 744 3651 impossibility),
759 3600 791 3636 or
804 3581 843 3650 (3)
857 3583 906 3638 the
925 3583 1073 3638 sulfilment
1089 3582 1122 3638 of
1134 3582 1225 3638 which
1239 3583 1263 3638 is
1281 3583 1386 3654 impos·

235 3665 306 3720 sible
318 3676 367 3719 not
386 3667 425 3734 by
439 3674 538 3720 nature
556 3665 607 3718 but
626 3665 663 3732 by
677 3666 729 3718 law
748 3665 823 3734 (‘ubi
841 3666 958 3721 omnino
974 3667 1105 3722 condicio
1122 3665 1181 3722 iure
1199 3667 1308 3737 impleri
1327 3685 1386 3724 non

234 3757 328 3819 potest
347 3749 391 3802 vel
410 3747 439 3802 id
457 3747 551 3802 facere
568 3745 594 3801 ei
613 3763 671 3800 non
690 3745 782 3816 liceat,
800 3749 903 3804 nullius
926 3750 1062 3805 momenti
1085 3751 1145 3805 sore
1164 3750 1385 3822 stipulationem,

234 3829 353 3902 proinde
372 3830 447 3886 acsi
469 3847 504 3885 ea
524 3827 662 3897 condicio,
683 3845 756 3900 quae
776 3842 877 3888 natura
899 3832 1083 3904 impossibilis
1101 3843 1152 3903 est,
1172 3833 1277 3889 inserta
1296 3837 1387 3890 esset'

234 3915 302 3984 Dig.
314 3927 358 3985 45.
375 3929 396 3969 r.
414 3927 470 3982 137.
484 3912 522 3984 6),
540 3929 572 3968 or
591 3911 629 3982 by
645 3913 766 3983 positive
784 3915 923 3985 morality,
938 3914 952 3986 ξ
968 3931 1002 3983 24
1015 3916 1062 3972 inf.
1099 3919 1126 3971 A
1145 3916 1309 3988 stipulation
1328 3936 1386 3975 was

233 3997 373 4068 regarded
391 4015 423 4053 as
445 3997 530 4067 ‘pure
551 3996 641 4052 sacta'
662 4009 712 4052 not
733 3999 800 4067 only
819 3996 844 4052 is
861 3999 910 4054 the
932 3999 1077 4054 condition
1096 4015 1154 4054 was
1178 4017 1330 4071 necessary
1347 4003 1386 4072 by

232 4093 333 4138 nature
348 4081 383 4152 (e.
391 4099 417 4151 g.
431 4079 455 4136 si
469 4079 557 4149 digito
570 4080 679 4135 caelum
693 4098 750 4136 non
764 4080 905 4153 attigero),
918 4082 968 4138 but
981 4083 1043 4138 also
1056 4083 1080 4137 it
1089 4083 1109 4140 it
1123 4100 1181 4139 was
1194 4101 1345 4154 necessary
1355 4084 1385 4140 in

233 4167 295 4234 law,
310 4165 375 4236 Dig.
389 4165 431 4219 28.
446 4176 469 4230 7.
485 4178 526 4219 20.
540 4180 584 4232 pr.

269 4251 344 4317 §ta
364 4249 419 4306 See
435 4257 502 4304 note
519 4263 556 4304 on
570 4246 625 4304 Tit.
641 4261 680 4319 15.
699 4264 708 4304 1
725 4265 799 4319 supr.
837 4249 899 4304 The
918 4249 1102 4306 constitution
1121 4251 1246 4308 referred
1264 4261 1294 4306 to
1313 4250 1337 4305 is
1355 4251 1384 4306 in

234 4331 305 4388 Cod.
319 4334 343 4388 8.
358 4333 400 4400 38.
417 4346 457 4398 14.

269 4417 284 4486 §
298 4417 342 4472 13.
361 4416 388 4471 A
401 4413 564 4488 stipulation
577 4415 621 4472 for
633 4432 812 4488 conveyance
825 4425 855 4472 to
872 4433 926 4474 one
944 4415 1016 4474 alter
1028 4418 1105 4474 one’s
1122 4417 1208 4476 death
1222 4416 1246 4474 is
1259 4415 1288 4472 in
1300 4417 1384 4476 effect
