3112 5016
265 337 330 408 500
470 329 573 386 INST
572 329 619 383 [Τ
621 329 677 384 UT
674 327 819 383 IONUM
836 325 955 382 LIBRI
974 324 1207 398 QUATTUOR.
1293 325 1356 391 [Lib.
1369 331 1413 378 lv.

265 496 385 562 festum
418 505 452 562 et
482 517 541 562 nec
572 495 793 560 manifestum.
846 514 924 559 nam
959 503 1158 578 conceptum
1194 501 1229 560 et
1262 492 1411 559 oblatum

266 603 393 686 species
417 603 527 685 potius
552 601 691 666 actionis
714 609 792 664 sunt
819 599 906 664 furto
930 599 1142 664 cohaerentes
1165 619 1266 681 quam
1291 616 1412 680 genera

266 705 436 780 furtorum,
456 705 540 770 sicut
562 703 693 768 inlerius
714 703 896 786 apparebit.
941 702 1133 768 manifestus
1159 703 1211 766 iur
1234 712 1293 781 est,
1310 721 1411 784 quem

268 808 384 874 Graeci
415 805 459 872 ἐπ’
490 809 652 892 αὐτοφώρῳ
681 807 871 890 appellant:
906 827 967 872 nec
996 807 1103 872 solum
1135 808 1162 872 is
1190 806 1247 890 qui
1278 807 1310 870 in
1340 806 1413 889 ipso

266 913 353 977 furto
375 913 640 996 deprehenditur,
663 913 721 976 sed
744 912 845 978 etiam
868 911 895 976 is
916 911 973 993 qui
996 931 1036 976 eo
1054 911 1127 976 loco
1147 910 1412 994 deprehenditur,

265 1039 332 1101 quo
353 1018 399 1097 fit,
414 1018 516 1082 veluti
538 1019 593 1101 qui
616 1017 649 1080 in
667 1017 769 1080 domo
791 1015 915 1079 lurtum
938 1015 1015 1080 fecit
1037 1025 1072 1080 et
1094 1017 1242 1079 nondum
1263 1033 1413 1097 egressus

265 1121 398 1185 ianuam
421 1121 642 1204 deprehensus
661 1120 767 1199 fuerit,
783 1129 818 1184 et
840 1120 896 1203 qui
919 1121 953 1184 in
975 1119 1096 1184 oliveto
1119 1119 1278 1182 olivarum
1302 1129 1359 1184 aut
1381 1120 1412 1182 in

264 1226 376 1288 vineto
402 1245 539 1288 uvarum
568 1225 692 1288 furtum
721 1223 807 1302 fecit,
833 1225 992 1306 quamdiu
1018 1224 1051 1287 in
1079 1243 1119 1287 eo
1146 1221 1268 1286 oliveto
1295 1231 1352 1286 aut
1378 1221 1411 1285 in

264 1331 377 1392 vineto
392 1328 443 1392 sur
457 1328 681 1412 deprehensus
696 1327 758 1392 sit:
781 1327 884 1392 immo
900 1327 1036 1392 ulterius
1056 1326 1179 1391 lurtum
1200 1325 1412 1390 manifestum

265 1433 515 1496 extendendum
545 1445 604 1508 est,
632 1433 791 1515 quamdiu
817 1453 891 1496 eam
921 1453 991 1496 rem
1021 1431 1073 1496 lut
1101 1441 1217 1495 tenens
1242 1431 1331 1494 visus
1360 1431 1413 1494 vel

264 1535 489 1618 deprehensus
503 1535 600 1600 luerit
614 1537 684 1600 sive
698 1536 731 1598 in
746 1535 879 1619 publico
895 1537 963 1600 sive
981 1537 1014 1599 in
1030 1535 1158 1618 privato
1172 1535 1224 1598 vel
1240 1556 1260 1598 a
1276 1535 1414 1598 domino

263 1639 316 1702 vel
332 1639 465 1714 analio,
482 1651 659 1722 antequam
679 1661 719 1703 eo
739 1640 929 1722 perveniret,
945 1661 1011 1724 quo
1027 1639 1169 1722 perferre
1188 1658 1226 1701 ac
1246 1639 1414 1721 deponere

264 1764 334 1808 rem
357 1745 565 1808 destinasset.
611 1745 669 1808 sed
697 1745 724 1808 si
747 1745 881 1827 pertulit
899 1767 965 1828 quo
987 1745 1174 1819 destinavit,
1198 1743 1332 1806 tametsi
1354 1742 1413 1806 de·

263 1847 486 1930 prehendatur
514 1868 589 1912 cum
616 1869 651 1912 re
680 1847 808 1924 furtiva,
834 1869 900 1912 non
927 1859 978 1913 est
1009 1846 1203 1911 manifestus
1234 1847 1294 1910 sur.
1349 1867 1412 1910 nec

264 1951 475 2016 manifestum
490 1951 612 2017 lurtum
627 1953 706 2036 quid
728 1953 780 2028 sit,
798 1974 842 2016 ex
862 1953 1013 2036 hisquae
1029 1951 1177 2016 diximus
1193 1951 1411 2033 intellegitur:

263 2075 341 2119 nam
368 2057 457 2140 quod
484 2057 695 2121 manifestum
721 2078 788 2121 non
814 2068 875 2135 est,
901 2059 935 2122 id
962 2057 1088 2122 scilicet
1114 2077 1174 2120 nec
1201 2055 1412 2118 manifestum

233 2159 323 2225 test.
368 2161 576 2246 Conceptum
600 2161 723 2228 lurtum
743 2163 871 2240 dicitur,
894 2183 970 2228 cum
992 2163 1082 2244 apud
1104 2161 1249 2244 aliquem
1268 2160 1410 2224 testibus

263 2269 492 2362 praeseptibus
508 2267 627 2331 furtiva
642 2288 695 2332 res
711 2268 861 2350 quaesita
884 2277 917 2331 et
940 2267 1074 2330 inventa
1094 2266 1159 2330 sit:
1183 2287 1259 2329 nam
1281 2265 1314 2329 in
1335 2285 1411 2328 eum

262 2371 394 2451 propria
417 2371 504 2435 actio
530 2372 709 2435 constituta
733 2381 792 2446 est,
819 2372 969 2454 quamvis
993 2370 1045 2433 sur
1070 2391 1136 2433 non
1163 2369 1214 2444 sit,
1239 2390 1324 2452 quae
1352 2389 1412 2450 ap·

262 2473 404 2554 pellatur
426 2474 586 2556 concepti.
643 2475 792 2540 oblatum
815 2475 938 2539 furtum
961 2473 1088 2552 dicitur,
1114 2493 1189 2537 cum
1214 2493 1265 2536 res
1291 2471 1410 2535 furtiva

261 2717 319 2756 was
332 2701 476 2770 approved
488 2702 526 2770 by
537 2701 641 2766 Labeo,
654 2701 711 2755 and
724 2705 891 2773 apparently
900 2704 938 2774 by
949 2706 1061 2774 Paulus,
1075 2705 1153 2760 Serv.
1164 2704 1201 2758 ad
1214 2706 1298 2772 Verg.
1307 2704 1410 2772 Georg.

261 2783 298 2838 iii.
313 2799 363 2854 405
378 2807 385 2851 ;
403 2785 464 2840 that
477 2787 549 2838 from
562 2785 667 2838 ‘fraus'
680 2802 737 2838 was
757 2789 909 2856 suggested
921 2788 960 2857 by
973 2788 1113 2843 Sabinus:
1132 2789 1193 2858 φώρ
1211 2788 1236 2842 is
1255 2786 1411 2842 connected

261 2867 327 2922 with
340 2871 431 2938 φέρειν
444 2868 472 2922 in
485 2885 563 2922 more
575 2868 645 2922 than
658 2884 712 2923 one
725 2869 773 2923 old
785 2872 862 2924 work
874 2889 912 2927 on
925 2873 1095 2941 etymology.

298 2951 357 3022 §a
377 2954 439 3007 The
459 2953 555 3023 jurists
580 2969 658 3007 seem
678 2961 708 3008 to
729 2955 802 3008 have
822 2955 940 3010 differed
961 2973 993 3010 as
1015 2965 1045 3010 to
1066 2957 1115 3011 the
1136 2965 1198 3011 true
1217 2953 1363 3010 definition
1383 2953 1414 3008 ot'

260 3035 365 3090 furtum
382 3036 582 3102 manifestum
602 3035 690 3091 Gaius
710 3037 758 3106 (iii.
776 3039 836 3108 184)
850 3039 929 3110 gives
942 3040 1050 3094 several
1063 3038 1206 3110 proposed
1218 3049 1297 3106 tests,
1313 3055 1368 3093 one
1381 3037 1412 3092 ol

260 3119 352 3174 which
366 3121 425 3188 (the
439 3119 547 3190 finding
558 3121 591 3174 of
599 3121 647 3176 the
660 3121 734 3175 thiel
742 3132 771 3176 at
784 3140 840 3193 any
853 3123 921 3178 time
933 3123 1000 3177 with
1013 3124 1062 3178 the
1074 3124 1166 3178 stolen
1178 3132 1311 3192 property
1323 3122 1352 3176 in
1365 3121 1409 3176 his

260 3206 354 3258 actual
366 3205 538 3275 possession,
551 3222 611 3260 rem
628 3203 739 3273 tenens)
753 3207 789 3261 he
802 3224 867 3276 says
880 3224 938 3262 was
950 3207 1094 3276 generally
1106 3206 1230 3277 rejected
1242 3227 1249 3272 ;
1268 3205 1348 3261 while
1361 3206 1409 3260 the

140 3355 142 3358 Ι
260 3287 452 3358 qualification
465 3288 497 3342 ol
511 3289 568 3343 this
581 3287 647 3343 with
661 3289 751 3343 which
770 3289 911 3359 Justinian
928 3291 1031 3360 adopts
1044 3289 1065 3345 it
1079 3291 1151 3360 (that
1163 3291 1200 3344 he
1213 3299 1287 3344 must
1300 3299 1349 3344 not
1362 3297 1409 3358 yet

260 3371 333 3426 have
353 3373 499 3441 conveyed
524 3372 544 3426 it
569 3373 661 3427 where
685 3373 722 3427 he
747 3371 903 3443 intended),
927 3375 1036 3444 though
1062 3373 1199 3444 accepted
1223 3373 1262 3441 by
1286 3373 1409 3428 Sabinus

261 3455 381 3523 (Gellius
401 3470 427 3524 9.
448 3457 488 3509 18.
511 3454 553 3521 1.),
576 3456 680 3510 caused
702 3455 838 3527 difficulty
854 3468 885 3512 to
906 3457 995 3513 Gaius
1012 3457 1096 3530 ‘quia
1115 3457 1264 3512 videbatur
1284 3456 1407 3527 aliquam

259 3539 409 3593 admittere
428 3537 642 3606 dubitationem,
661 3539 743 3593 unius
763 3541 818 3596 diei
836 3559 873 3596 an
893 3541 979 3596 etiam
999 3541 1120 3612 plurium
1139 3541 1248 3596 dierum
1267 3540 1359 3611 spatio
1379 3539 1408 3594 id

259 3622 469 3676 terminandum
482 3620 518 3674 sit
530 3639 537 3688 ;
556 3621 632 3691 quod
640 3639 674 3675 eo
684 3623 813 3692 pertinet,
824 3625 891 3695 quia
903 3642 989 3696 saepe
1002 3625 1030 3680 in
1044 3625 1107 3680 aliis
1120 3623 1280 3680 civitatibus
1293 3625 1407 3694 subrep-

260 3716 304 3758 tas
322 3722 367 3760 res
386 3705 415 3758 in
434 3703 504 3758 alias
523 3703 651 3758 civitates
669 3706 714 3758 vel
736 3705 764 3759 in
787 3707 857 3762 alias
879 3708 1039 3779 provincias
1063 3707 1186 3764 destinat
1205 3709 1249 3762 fur
1270 3708 1408 3778 perferre!

261 3789 365 3842 Paulus
382 3796 444 3856 gets
464 3803 530 3841 over
548 3787 604 3842 this
623 3787 662 3857 by
679 3787 788 3859 strictly
806 3790 929 3861 limiting
947 3793 995 3847 the
1014 3792 1100 3848 time:
1126 3792 1198 3863 ‘quo
1217 3793 1406 3848 destinaverat

259 3869 322 3940 quis
335 3871 460 3926 auferre'
478 3869 519 3924 sic
538 3869 734 3942 accipiendum
748 3883 800 3942 est,
815 3873 887 3945 ‘quo
905 3876 1096 3931 destinaverat
1109 3893 1143 3930 eo
1156 3875 1203 3930 die
1215 3893 1331 3930 manere
1343 3892 1406 3930 cum

258 3969 293 4006 eo
306 3953 396 4008 furto’
415 3953 480 4024 Dig.
493 3967 536 4021 47.
550 3969 576 4010 2.
588 3969 614 4021 4.
652 3955 819 4028 Praetically
837 3958 1001 4028 Justinian’s
1020 3959 1167 4014 delinition
1185 3959 1218 4014 of
1232 3961 1281 4014 the
1299 3959 1406 4014 offence

258 4053 315 4091 was
328 4037 465 4108 accepted
479 4037 507 4092 in
520 4039 568 4094 the
581 4038 649 4094 time
662 4037 694 4093 os
704 4039 801 4095 Gaius.

293 4122 334 4175 As
353 4137 371 4176 a
388 4123 456 4190 rule,
469 4131 557 4177 arrest
572 4121 782 4193 (deprehensio)
795 4125 888 4179 actual
907 4141 940 4180 or
956 4126 1115 4198 attempted
1133 4143 1190 4180 was
1208 4141 1360 4194 necessary
1378 4136 1406 4180 to

258 4204 409 4260 constitute
422 4206 525 4260 furtum
538 4206 735 4271 manifestum
756 4207 777 4262 it
795 4225 852 4262 was
865 4217 915 4263 not
928 4209 1042 4277 enough
1054 4209 1161 4279 merely
1173 4219 1203 4263 to
1215 4225 1263 4264 see
1276 4209 1324 4264 the
1337 4207 1409 4264 thies

257 4287 285 4342 in
299 4289 347 4344 the
360 4289 542 4344 commission
555 4291 588 4344 os
602 4292 650 4346 the
668 4301 714 4346 act
733 4307 765 4346 or
777 4292 844 4346 with
861 4292 910 4348 the
927 4293 1019 4350 stolen
1032 4293 1123 4363 goods
1136 4293 1165 4348 in
1178 4291 1222 4347 his
1235 4291 1405 4362 possession,

257 4370 324 4439 Dig.
337 4385 379 4438 47.
394 4387 419 4425 2.
432 4385 457 4439 7.
474 4389 484 4427 1
500 4375 557 4428 and
571 4390 596 4430 2.

292 4454 307 4522 §
320 4457 349 4510 4.
369 4455 432 4510 The
444 4457 560 4526 penalty
571 4457 614 4511 sor
630 4455 733 4512 furtum
753 4469 921 4530 conceptum
939 4459 996 4514 and
1010 4459 1137 4516 oblatum
1150 4475 1207 4514 was
1221 4457 1294 4514 lixed
1307 4457 1404 4528 hythe
