3176 5022
238 312 303 388 350
442 303 546 364 INST
545 303 592 359 ῙΤ
595 303 649 360 UT
648 301 794 360 IONUM
811 299 931 356 LIBRI
947 298 1186 372 QUATTUOR.
1272 301 1391 368 [Linlll.

156 491 160 500 ·
238 475 328 542 lacto
342 481 543 541 testamento
564 469 739 555 quisquam
761 467 948 546 decesserit,
962 487 1022 552 per
1037 464 1102 534 hoc
1124 476 1258 553 tempus
1280 467 1390 551 requi·

238 579 329 658 ritur,
343 599 410 662 quo
425 585 552 643 certum
567 595 640 640 esse
654 572 798 657 coeperit
813 571 940 636 nullum
956 593 1001 636 ex
1015 581 1217 637 testamento
1232 571 1388 636 heredem

238 692 450 750 extaturum:
474 689 546 746 tum
569 679 657 744 enim
676 677 808 762 proprie
828 677 967 760 quisque
989 675 1192 761 intellegitur
1212 677 1388 742 intestatus

238 786 427 852 decessisse.
464 785 554 868 quod
566 783 700 867 quidem¹
715 781 892 864 aliquando
907 781 1007 864 longo
1021 791 1172 866 tempore
1185 781 1388 852 declaratur:

238 889 362 974 inquo
384 888 491 974 spatio
513 886 671 970 temporis
698 905 798 968 saepe
818 883 948 962 accidit,
969 893 1008 950 ut
1031 885 1235 968 proximiore
1257 894 1388 951 mortuo

237 995 411 1078 proximus
427 1014 500 1058 esse
514 992 658 1074 incipiat,
675 991 732 1075 qui
752 990 913 1054 moriente
930 997 1091 1054 testatore
1109 1008 1176 1054 non
1193 999 1265 1055 erat
1286 1010 1387 1074 prox·

209 1099 334 1163 timus.
392 1097 548 1161 Placebat
575 1104 688 1160 autern
711 1094 744 1158 in
766 1115 807 1160 eo
836 1113 957 1177 genere
978 1093 1264 1178 percipiendarum
1295 1094 1388 1160 here-

238 1202 383 1267 ditatum
406 1201 648 1265 successionem
670 1219 737 1262 non
759 1218 840 1276 esse,
855 1199 889 1262 id
905 1206 956 1262 est
971 1205 1015 1277 ut,
1031 1199 1183 1282 quamvis
1204 1199 1385 1282 proximus,

238 1307 295 1390 qui
318 1305 499 1371 secundum
522 1325 561 1370 ea
583 1323 669 1387 quae
690 1301 837 1368 diximus
858 1310 995 1367 vocatur
1016 1302 1059 1367 ad
1082 1301 1310 1380 hereditatem,
1331 1311 1388 1370 aut

239 1410 397 1496 spreverit
421 1408 640 1474 hereditatem
664 1415 723 1473 aut
749 1415 928 1490 antequam
954 1405 1054 1472 adeat
1077 1407 1262 1486 decesserit,
1286 1408 1387 1472 nihilo

239 1513 346 1598 magis
375 1512 523 1597 legitimo
553 1511 622 1576 iure
652 1521 827 1594 sequentes
859 1509 1090 1576 admittuntur.
1149 1512 1239 1596 quod
1268 1511 1386 1576 iterum

238 1625 407 1703 praetores
423 1615 614 1700 imperfecto
630 1615 700 1680 iure
722 1614 922 1698 corrigentes
938 1614 1052 1678 nonin
1069 1623 1178 1680 totum
1194 1616 1265 1680 sine
1282 1615 1387 1682 adrni-

240 1720 349 1787 niculo
365 1721 603 1804 relinquebant,
618 1720 677 1784 sed
700 1740 745 1785 ex
768 1727 984 1803 cognatorum
1008 1719 1124 1785 ordine
1141 1741 1199 1785 eos
1214 1720 1386 1798 vocabant,

239 1835 356 1911 utpote
381 1825 591 1908 adgnationis
620 1825 690 1889 iure
720 1823 767 1889 eis
796 1823 933 1889 recluso.
985 1823 1045 1888 sed
1077 1845 1137 1890 nos
1164 1824 1245 1890 nihil
1273 1825 1388 1891 deesse

239 1929 478 2014 perfectissimo
508 1929 568 1993 iuri
599 1929 768 2013 cupientes
800 1936 913 1992 nostra
943 1928 1179 1998 constitutione
1205 1929 1386 2006 sanximus,

239 2053 341 2117 quam
363 2033 406 2097 de
427 2033 496 2098 iure
517 2041 710 2118 patronatus
733 2031 940 2096 humanitate
964 2042 1162 2115 suggerente
1181 2032 1387 2116 protulimus,

239 2136 480 2202 successionem
495 2135 528 2201 in
543 2138 763 2221 adgnatorum
781 2133 1020 2201 hereditatibus
1042 2155 1108 2200 non
1131 2155 1203 2200 esse
1222 2137 1270 2201 eis
1289 2137 1389 2202 dene·

239 2241 394 2326 gandam,
412 2260 488 2306 curn
512 2241 591 2305 satis
613 2219 794 2305 absurdum
817 2247 895 2316 erat,
910 2239 1001 2322 quod
1024 2240 1173 2323 cognatis
1194 2260 1215 2305 a
1236 2249 1388 2324 praetore

239 2354 392 2429 apertum
418 2355 478 2424 est,
505 2344 568 2410 hoc
598 2346 752 2428 adgnatis
782 2365 854 2408 esse
880 2343 1051 2420 reclusum,
1078 2344 1226 2410 maxime
1252 2365 1328 2409 cum
1354 2346 1387 2409 in

240 2467 341 2514 onere
366 2449 500 2532 quidem
524 2447 704 2514 tutelarum
731 2455 765 2512 et
790 2449 898 2532 primo
921 2447 1026 2532 gradu
1050 2447 1224 2513 deficiente
1248 2469 1388 2532 sequens

194 2603 199 2612 .
240 2554 388 2619 succedit
410 2562 454 2630 et,
471 2554 561 2638 quod
584 2553 618 2617 in
640 2573 740 2618 onere
764 2551 944 2637 optinebat,
965 2573 1031 2618 non
1054 2562 1125 2619 erat
1146 2551 1181 2616 in
1204 2553 1294 2619 lucro
1316 2572 1389 2638 per-

239 2656 388 2722 missum.
489 2725 496 2738 ,

210 2765 229 2823 8
283 2759 342 2826 Ad
372 2761 554 2846 legitimam
583 2762 823 2828 successionem
853 2761 955 2826 nihilo
985 2763 1093 2827 minus
1121 2770 1259 2827 vocatur
1288 2761 1388 2828 etiam

239 2883 368 2950 parens,
391 2865 448 2948 qui
473 2874 642 2932 contracta
667 2865 786 2932 fiducia
810 2865 914 2930 filium
939 2864 992 2931 vel
1018 2865 1129 2942 filiam,
1153 2875 1310 2950 nepotem
1334 2865 1389 2930 vel

240 2977 375 3052 neptem
391 2989 430 3034 ac
445 2969 602 3056 deinceps
624 2971 820 3054 emancipat.
864 2971 953 3054 quod
969 2990 1014 3035 ex
1028 2978 1139 3034 nostra
1154 2969 1389 3035 constitutione

240 3071 433 3140 omnimodo
464 3074 638 3152 inducitur,
670 3085 707 3141 ut
744 3075 1022 3160 emancipationes
1052 3073 1229 3139 liberorum
1259 3091 1390 3158 semper

240 3177 415 3244 videantur
444 3188 612 3246 contracta
646 3179 767 3245 fiducia
800 3179 879 3258 fieri,
908 3199 984 3245 cum
1016 3180 1105 3262 apud
1139 3179 1292 3262 antiquos
1322 3197 1389 3242 non

241 3281 339 3348 aliter
359 3282 423 3350 hoc
445 3285 628 3368 optinebat,
648 3283 710 3349 nisi
731 3283 917 3370 specialiter
939 3291 1109 3348 contracta
1130 3281 1252 3347 fiducia
1270 3301 1390 3366 parens

241 3388 495 3454 manumisisset.

277 3616 292 3689 ξ
306 3621 332 3674 7.
353 3618 410 3672 For
421 3617 470 3672 the
482 3619 537 3673 last
549 3617 621 3674 lines
633 3617 666 3674 of
674 3617 731 3674 this
744 3615 852 3673 section
866 3617 901 3674 cl.
914 3617 967 3674 Bk.
981 3615 998 3674 i.
1014 3631 1045 3686 17
1058 3616 1116 3674 and
1128 3627 1211 3674 notes
1223 3633 1299 3688 supr.

277 3702 292 3770 §
306 3703 336 3756 8.
355 3699 456 3756 Under
473 3701 523 3756 the
541 3701 589 3756 old
606 3711 713 3770 system
726 3701 759 3756 of
772 3700 982 3772 emancipation
996 3701 1034 3772 (p.
1049 3714 1097 3771 137
1110 3699 1197 3772 supr.)
1217 3700 1242 3756 is
1255 3701 1304 3758 the
1322 3697 1390 3756 final

241 3781 446 3840 manumission
465 3783 498 3838 of
511 3783 559 3839 the
578 3783 655 3840 child
667 3801 724 3840 was
743 3785 828 3840 made
846 3785 884 3855 by
897 3785 944 3840 the
963 3783 1095 3840 fictitious
1109 3783 1226 3855 vendee,
1238 3784 1288 3840 the
1306 3783 1390 3840 latter

240 3867 411 3936 technically
422 3866 540 3922 became
559 3877 679 3938 patron3
697 3867 788 3922 hence
806 3867 827 3923 it
847 3885 904 3924 was
922 3867 1004 3924 usual
1021 3867 1064 3922 for
1082 3867 1140 3922 him
1158 3877 1189 3923 to
1208 3883 1292 3938 agree
1311 3867 1390 3937 (con-

235 3961 332 4008 tracta
349 3949 464 4020 fiducia)
483 3958 513 4004 to
532 3950 599 4004 hold
617 3951 666 4006 the
685 3949 745 4006 iura
763 3961 928 4024 patronatus
947 3951 976 4006 in
994 3959 1066 4006 trust
1084 3951 1128 4006 for
1142 3953 1191 4006 the
1209 3951 1309 4006 father.
1346 3951 1390 4020 By

242 4037 312 4092 Cod
326 4036 351 4091 8.
364 4049 406 4104 49.
420 4033 445 4104 6,
458 4031 598 4104 Justinian
617 4034 738 4090 enacted
754 4035 816 4090 that
835 4051 919 4104 every
932 4033 1140 4105 emancipation
1159 4033 1250 4089 under
1267 4033 1311 4088 his
1328 4048 1390 4088 new

239 4121 313 4176 lorm
331 4117 434 4174 should
451 4117 488 4172 be
506 4116 592 4172 taken
610 4125 640 4172 to
658 4117 695 4173 be
715 4117 799 4173 made
818 4117 908 4172 under
929 4117 999 4171 such
1020 4133 1038 4172 a
1058 4127 1129 4172 trust
1150 4107 1323 4188 agreement,
1342 4115 1391 4172 ie.

241 4202 343 4261 should
355 4203 428 4258 bave
440 4203 488 4258 the
507 4218 585 4258 same
598 4201 704 4270 effects,
717 4201 746 4256 in
762 4211 872 4271 respect
891 4200 924 4255 os
935 4199 1138 4272 guardianship
1155 4201 1214 4256 and
1227 4198 1390 4257 succession

242 4287 362 4358 (subject
380 4294 410 4340 to
429 4285 509 4340 other
527 4284 724 4342 intermediate
743 4285 876 4354 changes,
895 4299 944 4340 see
962 4301 999 4340 on
1018 4284 1073 4340 Tit
1090 4297 1111 4340 1.
1128 4297 1159 4356 ις
1173 4283 1259 4356 supr.)
1279 4300 1312 4341 as
1332 4283 1357 4339 ir
1369 4281 1391 4338 it

241 4369 299 4426 had
310 4369 384 4427 been
397 4367 518 4426 ellected
528 4367 567 4440 by
579 4369 627 4426 the
640 4370 688 4426 old
700 4367 818 4426 method
830 4367 896 4424 with
909 4385 946 4425 an
959 4367 1053 4426 actual
1065 4366 1175 4424 fiducia
