3078 5020
144 989 195 1064 IN
212 991 439 1068 NOMINE
458 990 667 1068 DOMINI
683 991 890 1068 NOSTRl
908 993 1037 1070 IESU
1053 993 1281 1074 CHRISTI

141 1257 349 1312 IMPERATOR
376 1261 520 1312 CAESAR
547 1259 705 1312 FLAVIUS
733 1259 980 1314 IUSTINIANUS
1011 1263 1284 1318 ALAMANNICUS

201 1363 389 1418 GOTHICUS
410 1365 617 1416 FRANCICUS
641 1365 887 1417 GERMANICUS
910 1366 1071 1420 ANTICUS
1094 1368 1212 1420 ALAN·

281 1469 368 1522 ICUS
393 1469 633 1521 VANDALICUS
664 1469 876 1521 AFRICANUS
908 1471 989 1522 PIUS
1020 1471 1133 1524 FELIX

349 1573 525 1624 INCLITUS
551 1572 689 1624 VICTOR
718 1573 766 1624 AC
793 1573 1069 1626 TRIUMPHATOR

435 1676 583 1728 SEMPER
606 1675 803 1728 AUGUSTUS
821 1675 984 1728 CUPIDAE

519 1779 649 1833 LEGUM
673 1780 895 1832 IUVENTUTI.

180 1981 471 2047 IMPERATORIAM
497 1979 707 2047 maiestatem
735 2002 801 2046 non
827 1981 935 2047 solum
959 1981 1058 2047 armis
1085 1981 1285 2060 decoratam,

142 2087 194 2150 sed
212 2089 311 2152 etiarn
330 2087 459 2170 legibus
477 2095 608 2172 oportet
626 2107 700 2152 esse
722 2095 893 2162 armatam,
910 2096 947 2152 ut
963 2095 1138 2171 utrumque
1154 2099 1286 2171 tempus

143 2199 172 2254 et
198 2189 358 2256 bellorum
396 2201 431 2257 et
467 2192 559 2274 pacis
596 2201 685 2256 recte
721 2191 825 2274 possit
857 2191 1031 2275 gubernari
1065 2201 1098 2256 et
1135 2192 1287 2276 princeps

143 2293 306 2361 Romanus
325 2295 430 2361 vietor
452 2295 578 2360 existat
600 2315 667 2359 non
689 2294 797 2358 solum
818 2295 851 2358 in
875 2295 1051 2360 hostilibus
1071 2295 1211 2378 proeliis,
1227 2295 1286 2360 sed

144 2399 235 2463 etiam
259 2421 319 2482 per
339 2399 505 2483 legitimos
531 2399 681 2464 tramites
708 2398 980 2464 calumniantium
1012 2399 1203 2482 iniquitates
1227 2421 1287 2464 ex·

144 2501 269 2583 pellens,
285 2513 318 2568 et
340 2503 399 2568 fiat
421 2513 492 2569 tam
514 2503 592 2567 iun's
614 2501 879 2586 religiosissimus
898 2521 999 2586 quam
1018 2503 1113 2568 victis
1134 2501 1287 2568 hostibus

145 2604 362 2689 triumphator.

182 2709 328 2793 Quorum
355 2719 531 2796 utramque
555 2711 643 2777 viam
673 2733 749 2778 cum
780 2711 918 2777 summis
947 2709 1067 2794 vigiliis
1096 2719 1130 2776 et
1156 2719 1315 2776 summat

144 2815 340 2894 providentia
369 2817 537 2879 adnuente
573 2816 638 2880 deo
668 2815 875 2900 perfecimus.
928 2821 963 2880 et
992 2813 1128 2879 bellicos
1151 2815 1287 2898 quidem

145 2917 271 2982 sudores
292 2929 422 2983 nostros
447 2919 637 2984 barbaricae
661 2929 779 3004 gentes
802 2919 865 2983 sub
890 2919 966 3002 iuga
990 2927 1102 2983 nostra
1124 2919 1288 2984 deductae

147 3031 337 3103 cognoscunt
356 3031 390 3087 et
412 3032 481 3087 tam
497 3021 613 3087 Africa
634 3043 735 3106 quam
754 3021 840 3086 aliae
856 3023 1085 3087 innumerosae
1100 3022 1287 3105 provinciae

146 3135 216 3206 post
230 3135 320 3191 tanta
334 3135 522 3210 temporum
542 3127 651 3210 spatia
671 3127 790 3191 nostris
804 3126 948 3191 victoriis
964 3147 985 3191 a
1003 3125 1136 3191 caelesti
1152 3126 1287 3190 numine

146 3231 300 3308 praestitis
317 3230 435 3296 iterum
457 3230 578 3296 dicioni
602 3231 777 3294 Romanae
797 3239 977 3313 nostroque
999 3229 1133 3294 additae
1149 3230 1287 3312 imperio

147 3342 368 3412 protestantur.
412 3355 529 3400 omnes
558 3355 637 3398 vero
668 3334 783 3418 populi
813 3333 942 3418 legibus
973 3334 1039 3396 iarn
1066 3354 1087 3396 a
1117 3332 1211 3395 nobis
1233 3332 1286 3396 vel

148 3439 352 3522 promulgatis
371 3439 425 3504 vel
447 3439 639 3522 compositis
660 3447 825 3521 reguntur.
880 3439 926 3502 Et
950 3457 1026 3502 cum
1050 3434 1317 3502 sacratissimas2

149 3544 386 3608 constitutiones
413 3553 512 3607 antea
542 3541 695 3608 confusas
722 3543 756 3606 in
786 3541 987 3606 luculentam
1018 3539 1184 3604 ereximus
1210 3558 1287 3604 con·

150 3647 329 3727 amentiam,
354 3656 433 3712 tunc
456 3656 603 3712 nostram
625 3647 838 3710 extendimus
862 3665 975 3710 curam
1000 3651 1035 3709 et
1058 3643 1101 3710 ad
1126 3644 1287 3709 immensa

151 3748 329 3827 prudentiae
353 3752 472 3816 veteris
495 3750 672 3829 volumina,
697 3759 731 3814 et
761 3771 845 3832 opus
872 3749 1084 3832 desperatum
1107 3749 1201 3832 quasi
1228 3769 1288 3832 per

152 3854 281 3918 medium
297 3855 497 3938 profundum
520 3864 637 3920 euntes
658 3853 792 3918 caelesti
810 3853 922 3918 favore
942 3853 1008 3918 iam
1024 3853 1286 3936 adimplevimus.

153 3951 288 4042 Cumque
320 3960 384 4024 hoc
417 3961 482 4024 deo
513 3959 657 4044 propitio
688 3967 859 4042 peractum
892 3967 952 4038 est,
982 3957 1187 4022 Triboniano
1217 3957 1317 4022 vir03

151 4063 308 4146 magnifico
339 4063 498 4147 magistro
528 4073 562 4128 et
592 4073 813 4146 exquaestore
842 4063 925 4126 sacri
953 4060 1067 4144 palatii
1097 4058 1200 4124 nostri
1226 4079 1286 4124 nec

150 4183 206 4230 non
229 4167 416 4252 Theophilo
446 4176 480 4232 et
506 4167 679 4232 Dorotheo
704 4167 782 4230 viris
811 4165 991 4231 illustribus
1015 4161 1286 4241 antecessoribus,

148 4288 274 4350 quorum
286 4273 436 4336 omnium
451 4271 632 4337 sollertiam
648 4280 683 4335 et
697 4269 808 4352 legum
823 4268 994 4334 scientiam
1009 4275 1043 4330 et
1059 4267 1143 4330 circa
1158 4273 1287 4330 nostras

146 4371 295 4440 iussiones
314 4375 417 4440 fidem
441 4375 507 4440 iam
532 4395 577 4440 ex
598 4373 711 4438 multis
735 4393 842 4437 rerum
865 4370 1066 4456 argumentis
1089 4367 1286 4450 accepimus,

145 4479 325 4546 convocatis
363 4479 548 4564 specialiter
585 4476 826 4558 mandavimus,
862 4485 900 4542 ut
937 4482 1050 4540 nostra
1087 4472 1289 4540 auctoritate
