3166 5022
190 327 242 376 Tit.
258 321 294 387 8.]
382 317 538 391 QUIBUS
557 315 780 372 ALIENARE
801 315 929 372 HCET
953 317 1029 372 VEL
1051 317 1153 374 NON.
1278 323 1340 392 227

189 485 343 549 libertate
372 503 449 548 cum
479 484 598 551 effectu
628 483 830 568 procedente
858 480 965 568 (cuius
989 481 1100 547 favore
1126 491 1160 546 et
1186 482 1342 564 antiquos

189 589 395 671 legislatores
411 589 518 652 multa
530 599 563 654 et
578 599 694 655 contra
709 607 902 652 communes
921 587 1053 670 regulas
1068 587 1222 650 statuisse
1238 588 1341 650 mani·

188 691 404 756 festissimum
419 689 485 778 est)
500 702 535 757 et
550 713 590 758 eo
604 693 661 776 qui
682 712 756 756 earn
779 691 937 774 imposuit
957 712 1038 756 suae
1052 689 1258 754 liberalitatis
1274 700 1340 754 sta·

188 795 319 860 bilitate
349 797 516 880 gaudente
546 806 581 861 et
610 797 700 861 socio
729 795 876 860 indemni
906 804 1101 859 conservato
1130 794 1341 876 pretiumque

188 900 273 964 servi
296 899 479 964 secundum
500 909 629 984 partem
652 901 800 978 dominii,
824 900 914 983 quod
937 918 998 963 nos
1016 897 1234 976 definivimus,
1254 897 1339 962 acci·

188 1004 311 1087 piente.

715 1131 815 1198 VIII.

419 1310 558 1375 Quibus
580 1310 772 1361 lucunas
795 1309 904 1360 arear
925 1309 999 1360 vac
1021 1309 1111 1362 nou.

231 1459 368 1524 Accidit
385 1459 573 1542 aliquando,
595 1469 632 1525 ut
655 1461 713 1544 qui
735 1460 890 1524 dominus
915 1459 958 1524 sit
978 1459 1121 1526 alienare
1147 1479 1213 1524 non
1234 1457 1339 1542 possit

176 1573 221 1628 ,εἰ
252 1571 377 1643 contra,
407 1564 464 1646 qui
494 1563 649 1627 dominus
679 1584 746 1628 non
773 1565 816 1628 sit
842 1563 1039 1628 alienandae
1065 1563 1110 1628 rei
1135 1572 1338 1646 potestatem

185 1665 321 1732 habeat.
376 1672 452 1732 nar'n
476 1667 589 1732 dotale
616 1667 789 1750 praedium
820 1667 957 1732 maritus
984 1667 1087 1732 invita
1113 1667 1250 1732 muliere
1279 1687 1338 1750 per

186 1771 296 1854 legem
324 1769 444 1835 Iuliam
470 1771 665 1854 prohibetur
688 1771 840 1848 alienare,
868 1773 1019 1855 quamvis
1050 1772 1152 1856 ipsius
1182 1771 1225 1836 sit
1249 1771 1338 1835 dotis

184 1896 286 1941 causa
319 1875 348 1939 ei
382 1877 509 1942 datum.
570 1875 661 1960 quod
691 1897 752 1941 nos
782 1876 891 1959 legem
923 1875 1043 1941 Iuliam
1074 1877 1273 1960 corrigentes
1304 1876 1337 1938 in

186 1979 357 2044 meliorem
374 1990 498 2045 statum
521 1980 733 2044 deduximus.
779 2001 855 2044 cum
877 1983 965 2044 enim
986 1981 1042 2043 lex
1063 1979 1097 2043 in
1112 1981 1174 2044 soli
1190 1989 1337 2044 tantum·

185 2084 288 2147 modo
310 2084 409 2148 rebus
427 2083 537 2148 locum
560 2083 716 2160 habebat,
740 2104 827 2168 quae
848 2083 984 2148 Italicae
1002 2083 1143 2160 fuerant,
1161 2095 1195 2148 et
1215 2085 1338 2146 aliena·

185 2187 294 2251 tiones
330 2187 501 2252 inhibebat
533 2209 620 2270 quae
653 2188 756 2252 invita
789 2187 926 2251 muliere
961 2185 1095 2263 fiebant,
1131 2186 1337 2270 hypothecas

184 2299 299 2354 autem
315 2292 546 2355 earum'etiam
561 2291 716 2356 volente:
740 2291 888 2373 utrisque
905 2291 1089 2355 remedium
1108 2289 1336 2373 imposuimus,

184 2403 223 2458 ut
242 2394 343 2457 etiam
374 2394 407 2456 in
438 2415 493 2458 eas
525 2415 585 2472 res,
612 2415 698 2478 quae
729 2395 762 2458 in
790 2393 981 2478 provinciali
1008 2393 1080 2458 solo
1103 2395 1232 2477 positae
1250 2401 1336 2470 sunt,

184 2497 360 2562 interdicta
376 2498 434 2562 fiat
449 2498 605 2564 alienatio
620 2500 673 2564 vel
694 2499 855 2584 obligatio
874 2507 909 2563 et
927 2507 1080 2563 neutrum
1098 2518 1212 2562 corum
1229 2515 1337 2578 neque

183 2601 466 2665 consentientibus
493 2601 683 2667 mulieribus
706 2604 875 2687 procedat,
898 2622 940 2666 ne
964 2623 1065 2666 sexus
1086 2600 1255 2665 muliebris
1272 2599 1336 2664 fra·

187 2871 226 2912 ta.
241 2871 263 2926 1,
277 2857 335 2911 and
347 2857 390 2911 for
402 2856 565 2928 Justinian’s
578 2857 688 2927 change
702 2857 771 2913 eoa
786 2871 812 2925 7.
825 2872 850 2926 7.
868 2857 948 2914 With
961 2857 1041 2913 cuius
1053 2857 1150 2912 favore
1162 2866 1191 2912 et
1203 2853 1335 2926 antiquos

184 2940 360 3010 legislatores
381 2952 435 2996 etc.
456 2940 490 2996 cf.
510 2940 576 3010 Dig.
593 2955 637 3007 4ο.
653 2953 674 3010 ς.
699 2956 741 3008 24.
758 2956 791 2995 ro
808 2942 913 2996 ‘multa
934 2951 1033 2997 contra
1054 2940 1122 2996 iuris
1143 2939 1265 3009 rigorem
1284 2954 1336 3008 pro

183 3022 314 3078 libertate
324 3033 389 3078 sunt
399 3023 570 3090 constituta,'
583 3035 626 3093 35.
636 3039 658 3077 2.
669 3037 710 3091 32.
722 3037 735 3093 5
747 3023 842 3078 ‘favor
853 3023 1006 3079 libertatis.
1020 3065 1027 3079 .
1042 3041 1145 3094 .saepe
1155 3021 1335 3091 benigniores

183 3105 341 3162 sententias
354 3105 500 3177 exprimit!
537 3107 580 3176 By
593 3105 768 3176 legislatores
782 3123 874 3162 seems
887 3118 917 3162 to
930 3109 966 3162 he
979 3117 1075 3162 meant
1088 3107 1136 3162 the
1146 3104 1251 3177 jurists

218 3191 383 3246 '11th
403 3191 460 3244 For
478 3190 527 3244 the
542 3189 699 3245 anomalies
715 3190 881 3246 mentioned
895 3191 963 3246 here
976 3191 1009 3245 cf
1025 3192 1143 3260 Seneca,
1156 3189 1248 3245 benef.
1262 3199 1286 3255 7.
1303 3201 1334 3242 12

183 3272 258 3328 ‘non
269 3281 312 3328 est
325 3281 501 3342 argumento,
512 3273 576 3328 ideo
589 3273 698 3344 aliquid
711 3283 790 3328 tuum
803 3291 861 3327 non
873 3289 946 3342 esse,
957 3273 1023 3344 quia
1032 3273 1155 3328 vendere
1167 3288 1224 3327 non
1237 3271 1336 3340 potes,’

183 3355 250 3425 Dig.
260 3371 303 3422 41.
316 3371 337 3410 1.
346 3356 381 3423 46
392 3357 464 3410 ‘non
475 3366 517 3411 est
527 3373 641 3423 novum,
650 3367 689 3425 ut,
699 3357 747 3428 qui
757 3357 915 3412 dominium
927 3373 985 3411 non
998 3357 1110 3426 habeat,
1120 3355 1167 3410 alii
1178 3353 1335 3409 dominium

182 3439 336 3510 praebeat,’
355 3437 414 3496 cic.
430 3457 481 3510 pro
495 3440 586 3494 Balbo
602 3454 633 3507 13
653 3439 854 3495 ‘fundamenta
873 3439 1036 3494 firmissima
1055 3448 1169 3494 nostrae
1188 3436 1334 3506 libertatis,

182 3523 226 3578 sui
246 3541 387 3595 quemque
406 3523 474 3578 iuris
492 3533 520 3578 et
539 3522 679 3578 retinendi
697 3533 725 3578 et
744 3521 904 3578 dimittendi
925 3539 989 3578 esse
1009 3521 1173 3590 dominum,'
1191 3519 1248 3577 Tit.
1264 3533 1285 3576 1.
1299 3535 1336 3588 4ο

182 3623 261 3676 supr.
277 3608 335 3661 and
355 3607 421 3676 Dig.
437 3620 476 3676 so
494 3619 532 3674 17.
548 3619 582 3677 54
603 3605 704 3662 ‘nemo
725 3606 789 3676 plus
812 3605 879 3661 iuris
901 3605 930 3662 in
952 3606 1039 3662 alium
1060 3608 1211 3662 transferre
1232 3613 1335 3675 potest,

181 3707 269 3761 quam
288 3689 349 3760 ipse
368 3690 502 3746 haberet!

219 3775 281 3828 The
301 3775 346 3828 lex
369 3773 442 3828 Iulia
459 3790 517 3828 was
536 3774 597 3828 that
616 3773 650 3828 of
663 3774 816 3844 Augustus,
835 3773 872 3829 de
890 3774 1043 3844 adulteriis,
1057 3773 1135 3829 Paul.
1155 3783 1227 3829 sent.
1240 3789 1295 3828 rec.
1309 3787 1333 3826 a.

183 3855 255 3912 arb.
270 3872 293 3911 2.
333 3857 367 3912 ln
384 3857 433 3912 the
453 3856 523 3912 time
542 3856 575 3910 of
590 3855 678 3912 Gaius
697 3855 735 3926 (ii.
749 3857 796 3927 63)
813 3857 834 3914 it
853 3857 912 3913 had
931 3859 1005 3914 been
1026 3857 1153 3914 doubted
1169 3858 1294 3913 whether
1312 3855 1333 3911 it

182 3939 297 4010 applied
309 3949 339 3994 to
352 3940 470 4010 praedia
481 3939 672 4011 provincialia

218 4023 338 4078 Besides
357 4023 406 4078 the
427 4041 508 4078 cases
530 4021 694 4078 mentioned
715 4023 744 4078 in
764 4025 813 4080 the
833 4033 900 4094 text,
922 4023 1075 4081 alienation
1095 4040 1153 4079 was
1172 4021 1334 4093 prohibited

183 4104 222 4174 (r)
236 4106 269 4160 of
282 4123 328 4160 res
347 4105 478 4175 litigiosa,
490 4115 625 4176 property
641 4105 733 4160 which
751 4124 809 4161 was
830 4108 878 4163 the
898 4107 1008 4178 subject
1026 4109 1060 4162 of
1074 4125 1093 4162 a
1113 4107 1171 4160 real
1188 4104 1283 4160 action
1302 4121 1335 4158 or

182 4189 317 4244 iudicium
336 4189 510 4258 divisoriam,
528 4191 602 4244 Nov.
619 4205 675 4245 112.
693 4205 703 4244 1
720 4209 727 4256 ;
746 4189 785 4259 (2)
805 4191 838 4244 of
853 4191 1040 4245 immoveable
1058 4201 1190 4260 property
1212 4189 1334 4257 forming

181 4283 243 4342 part
256 4273 290 4327 of
300 4291 318 4327 a
331 4273 449 4329 donatio
467 4283 583 4344 propter
600 4271 714 4344 nuptias
726 4289 759 4328 or
770 4273 925 4343 belonging
943 4283 973 4328 to
989 4273 1121 4342 religious
1133 4289 1166 4326 or
1178 4272 1333 4327 charitable

181 4355 384 4422 foundations;
407 4355 447 4426 (3)
472 4356 504 4410 of
520 4355 661 4426 peculium
683 4355 869 4410 adventitium
890 4355 1007 4410 without
1027 4357 1075 4410 the
1095 4366 1213 4411 consent
1236 4356 1268 4411 of
1285 4355 1333 4412 the

180 4438 392 4510 paterfamilias
430 4439 494 4496 The
507 4440 590 4497 effect
603 4441 635 4496 of
644 4457 681 4496 an
694 4439 847 4496 alienation
860 4438 1010 4496 forbidden
1022 4440 1061 4511 by
1073 4439 1126 4495 law
1138 4439 1162 4495 is
1176 4439 1227 4497 nii.

728 4541 788 4607 Qa
