3028 5016
140 332 252 402 T11,15.]
532 333 593 388 DE
614 333 694 388 [ΝΤ
690 331 820 390 ERDIC
823 335 850 389 T
847 334 897 390 IS.
1224 341 1288 414 595

140 499 267 584 pignori
297 499 424 565 suturas
452 498 642 584 pepigisset.
702 498 912 564 Retinendae
944 501 1160 583 possessionis
1189 515 1319 571 causat

140 615 331 688 comparata
355 613 431 668 sunt
461 603 636 667 interdicta
662 603 711 666 uti
736 603 912 686 possidetis
937 614 971 668 et
998 606 1116 684 utrubi,
1143 627 1218 671 cum
1245 607 1288 670 ab

140 719 278 793 utraque
302 717 395 793 parte
419 709 461 773 de
485 708 685 790 proprietate
709 707 844 772 alicuius
868 708 913 772 rei
940 711 1162 776 controversia
1189 711 1231 774 sit
1253 721 1288 776 et

140 823 217 878 ante
239 813 414 896 quaeritur,
434 821 508 876 uter
530 833 574 874 ex
597 811 818 894 litigatoribus
840 812 1008 894 possidere
1027 824 1060 880 et
1084 823 1157 880 uter
1175 823 1288 898 petere

140 918 271 982 debeat.
326 936 470 998 namque
493 915 555 978 nisi
577 923 655 978 ante
673 915 890 998 exploratum
915 916 1021 996 suerit,
1044 919 1148 982 utrius
1174 939 1287 982 eorum

141 1020 304 1103 possessio
320 1020 371 1099 sit,
387 1040 453 1084 non
474 1027 585 1102 potest
605 1019 759 1101 petitoria
779 1021 865 1088 actio
886 1020 1021 1100 institui,
1036 1021 1114 1104 quia
1135 1031 1168 1086 et
1186 1022 1288 1086 civilis

141 1133 174 1189 et
197 1123 354 1191 naturalis
372 1124 456 1187 ratio
476 1123 563 1201 lacit,
586 1131 622 1186 ut
644 1122 726 1186 alius
751 1123 929 1206 possideat,
953 1125 1036 1189 alius
1056 1146 1076 1190 a
1098 1127 1289 1208 possidente

140 1237 241 1311 petat.
287 1237 321 1293 et
343 1229 420 1312 quia
442 1227 542 1310 longe
564 1227 844 1292 commodius.est
867 1229 1034 1310 possidere
1055 1230 1165 1312 potius
1186 1249 1288 1312 quam

140 1343 261 1414 petere,
277 1332 352 1396 ideo
367 1331 561 1415 plerumque
576 1339 609 1394 et
624 1329 691 1394 iere
710 1349 841 1412 semper
855 1331 971 1413 ingens
987 1333 1102 1397 existit
1120 1335 1288 1398 contentio

140 1437 183 1500 de
199 1437 270 1519 ipsa
285 1435 498 1519 possessione.
544 1435 756 1498 commodum
779 1442 892 1498 autem
912 1435 1101 1518 possidendi
1122 1437 1155 1500 in
1172 1457 1211 1501 eo
1228 1447 1288 1510 est,

140 1540 240 1623 quod,
265 1541 394 1604 etiamsi
424 1540 493 1604 eius
518 1559 569 1602 res
595 1558 660 1601 non
685 1539 728 1602 sit
752 1539 808 1620 qui
835 1539 991 1622 possidet,
1015 1540 1042 1603 si
1070 1543 1171 1604 modo
1197 1551 1289 1605 actor

141 1664 208 1706 non
225 1645 369 1726 potuerit
387 1663 481 1708 suam
503 1663 575 1706 esse
595 1641 743 1723 probare,
764 1651 914 1707 remanet
934 1663 993 1706 suo
1008 1643 1082 1708 loco
1104 1645 1288 1726 possessio:

140 1757 390 1831 propterquam
411 1766 553 1824 causam,
574 1765 649 1810 cum
672 1746 811 1809 obscura
833 1746 899 1809 sint
922 1747 1091 1828 utriusque
1111 1748 1191 1822 iura,
1211 1767 1289 1812 con·

141 1861 193 1914 tra
214 1851 390 1938 petitorem
411 1850 546 1915 iudicari
567 1849 661 1914 solet.
707 1847 775 1913 Sed
798 1849 971 1913 interdicto
991 1851 1125 1932 quidem
1149 1853 1196 1914 uti
1213 1871 1288 1934 pos-

141 1954 255 2018 sidetis
279 1955 322 2018 de
348 1954 440 2018 fundi
464 1952 517 2017 vel
543 1953 674 2017 aedium
700 1952 908 2034 possessione
934 1954 1152 2032 contenditur,
1178 1956 1288 2018 utrubi

141 2078 218 2122 vero
248 2058 422 2122 interdicto
451 2059 494 2122 de
524 2077 631 2120 rerum
668 2055 838 2119 mobilium
874 2057 1090 2139 possessione.
1148 2078 1288 2140 quorum

140 2162 246 2226 viset
269 2171 416 2244 potestas
438 2161 614 2244 plurimam
637 2161 722 2224 inter
745 2181 780 2224 se
804 2160 1024 2224 differentiam
1046 2160 1136 2243 apud
1161 2172 1290 2226 veteres

141 2265 307 2329 habebat:
333 2287 411 2329 nam
437 2265 485 2330 uti
515 2264 691 2346 possidetis
721 2265 895 2329 interdicto
923 2265 949 2326 is
973 2264 1134 2340 vincebat,
1159 2264 1215 2347 qui
1242 2266 1291 2328 in·
1381 2297 1384 2304 ·

142 2369 271 2434 terdicti
296 2379 445 2452 tempore
468 2369 669 2452 possidebat,
697 2368 724 2430 si
752 2369 852 2432 modo
880 2387 939 2431 nec
969 2368 1000 2431 vi
1032 2387 1092 2432 nec
1118 2368 1203 2432 clam
1230 2388 1290 2432 nec

141 2474 288 2556 precario
313 2482 452 2537 nanctus
478 2472 582 2536 iuerat
606 2471 649 2536 ab
672 2471 857 2535 adversario
883 2471 1134 2554 possessionem,
1161 2471 1290 2536 etiamsi

142 2577 243 2640 alium
263 2577 295 2640 vi
317 2577 481 2660 expulerit
501 2585 559 2641 aut
577 2575 662 2641 clam
684 2575 863 2657 abripuerit
885 2574 1027 2640 alienam
1049 2576 1290 2655 possessionem

142 2689 199 2744 aut
229 2681 376 2762 precario
405 2689 579 2763 rogaverat
613 2679 767 2761 aliquem,
797 2688 834 2744 ut
866 2679 928 2742 sibi
958 2679 1129 2762 possidere
1158 2679 1289 2744 liceret:

142 2783 252 2846 utmbi
274 2804 352 2847 vero
373 2783 547 2848 interdicto
570 2784 598 2847 is
615 2783 775 2862 vincebat,
792 2785 847 2865 qui
867 2783 989 2846 maiore
1009 2792 1103 2865 parte
1124 2783 1193 2846 eius
1213 2783 1291 2846 anni

144 2905 203 2950 nec
218 2886 250 2949 vi
267 2907 326 2950 nec
342 2886 427 2950 clam
444 2907 503 2951 nec
521 2888 667 2970 precario
681 2888 724 2950 ab
740 2887 925 2950 adversario
946 2887 1147 2968 possidebat.
1192 2886 1292 2950 hodie

142 2997 255 3052 tamen
285 2990 380 3052 aliter
409 2990 617 3052 observatur:
642 3010 719 3053 nam
749 2989 919 3072 utriusque
948 2989 1112 3054 interdicti
1144 2998 1291 3072 potestas

143 3099 305 3172 quantum
334 3093 377 3155 ad
408 3092 649 3174 possessionem
681 3093 823 3174 pertinet
852 3101 1040 3174 exaequata
1079 3101 1139 3168 est,
1169 3101 1206 3155 ut
1236 3092 1292 3154 ille

143 3193 252 3258 vincat
275 3203 309 3257 et
331 3195 364 3256 in
387 3215 421 3258 re
444 3193 504 3258 soli
528 3206 561 3258 et
584 3195 617 3258 in
639 3215 673 3260 re
697 3194 819 3273 mobili,
835 3195 890 3277 qui
913 3196 1154 3278 possessionem
1178 3195 1292 3258 necui

143 3315 203 3360 nec
224 3296 309 3361 clam
331 3317 391 3362 nec
414 3299 561 3380 precario
580 3298 623 3362 ab
644 3298 831 3363 adversario
854 3298 921 3362 litis
942 3297 1189 3362 contestationis
1208 3307 1291 3362 tem-

142 3541 257 3594 κολωνοῦ
274 3543 412 3612 πράγματα
430 3538 592 3608 κινηθήσεται
610 3541 639 3594 τὸ
652 3540 820 3603 Σαλβιάνειον
832 3539 987 3610 ἷντίρδικτον
1008 3539 1157 3609 Theoph.;
1175 3539 1209 3594 ci.
1225 3539 1292 3610 Dlg.

142 3637 185 3690 43.
199 3637 242 3693 33.
258 3639 269 3678 1
285 3623 340 3694 (‘et
353 3625 489 3680 adversus
507 3633 675 3680 extraneos.
691 3663 717 3678 ..
733 3621 792 3678 dari
813 3623 927 3679 debebit
936 3622 953 3691 ')
967 3641 973 3677 :
993 3623 1101 3694 though
1115 3623 1185 3679 Cod.
1199 3625 1223 3679 8.
1237 3639 1262 3694 9.
1279 3639 1290 3678 1
1321 3636 1327 3650 ·

143 3707 167 3759 is
192 3705 439 3764 irreconcileable:
458 3707 532 3762 ‘non
555 3705 705 3762 interdicto
723 3705 866 3777 Salviano,
883 3707 913 3761 id
931 3705 1007 3762 enim
1026 3707 1224 3762 tantummodo
1243 3707 1292 3762 ad-

143 3805 240 3844 versus
253 3791 454 3848 conductorem
467 3791 659 3846 debitoremve
673 3791 825 3862 competit!

179 3873 270 3927 Other
282 3875 424 3943 examples
437 3874 469 3928 ol
479 3873 624 3929 interdicts
637 3873 838 3944 adipiscendae
851 3871 1040 3944 possessionis
1053 3871 1137 3944 given
1150 3876 1189 3944 by
1202 3872 1291 3930 Gaius

145 3955 191 4024 (iv.
208 3955 302 4023 145-6)
316 3972 364 4010 are
383 3957 464 4011 those
483 3955 573 4011 called
592 3955 799 4026 possessorium
817 3957 874 4010 and
893 3955 1054 4026 sectorium,
1068 3959 1116 4012 the
1134 3957 1193 4012 first
1206 3957 1293 4028 being

144 4041 193 4094 the
212 4039 328 4108 remedy
347 4039 377 4093 ol
394 4040 442 4094 the
463 4039 574 4110 highest
594 4039 696 4094 bidder
714 4039 743 4094 in
763 4041 811 4094 the
830 4041 1008 4111 bankruptcy
1026 4041 1182 4112 procedure
1201 4041 1293 4096 called

143 4123 283 4177 bonorum
296 4121 429 4192 venditio,
440 4138 466 4194 p.
481 4135 514 4191 37
518 4134 531 4193 5
546 4139 630 4194 supr,
642 4123 691 4178 the
705 4123 811 4179 second
819 4124 880 4178 that
893 4123 926 4178 ol
934 4125 983 4179 the
996 4133 1088 4178 sector
1101 4124 1293 4194 orpurchaser

144 4217 173 4261 at
186 4223 205 4261 a
217 4215 290 4261 state
303 4205 425 4260 auction.

181 4285 195 4358 ξ
215 4292 244 4347 4.
267 4288 408 4360 Opinions
429 4290 504 4344 have
524 4290 642 4346 differed
663 4307 731 4359 very
753 4289 837 4344 much
857 4306 889 4344 as
911 4299 941 4344 to
961 4291 1010 4344 the
1030 4299 1091 4344 true
1113 4299 1213 4344 nature
1234 4287 1292 4342 and

144 4389 266 4444 purpose
287 4372 320 4426 of
334 4373 383 4428 the
402 4372 548 4428 interdicts
569 4373 608 4428 uti
632 4373 785 4444 possidetis
802 4373 859 4428 and
875 4373 977 4429 utrubi.
1016 4373 1041 4427 lt
1055 4372 1109 4426 will
1127 4373 1199 4426 have
1218 4372 1291 4426 been

143 4457 261 4514 obvious
274 4457 346 4512 from
359 4457 407 4514 the
420 4467 540 4514 account
553 4457 636 4529 given
647 4457 679 4512 os
687 4457 766 4511 them
779 4455 807 4512 in
820 4473 839 4512 a
850 4457 1003 4528 preceding
1012 4465 1078 4510 note
1092 4472 1128 4510 on
1141 4454 1197 4510 this
1208 4453 1290 4524 Title,

666 4557 763 4633 qu
