3176 5022
235 307 349 374 Thin]
478 307 540 362 DE
560 307 616 364 EO
640 307 714 364 CUI
731 307 996 381 LIBERTATIS,
1019 309 1078 364 ET
1078 307 1111 366 C.
1322 317 1384 389 373

782 556 844 622 XI.

308 735 359 786 DE
383 735 430 785 EO
454 735 517 787 CUI
540 735 760 784 LIBERTATIS
784 735 906 786 CAUSA
930 735 1030 786 BONA
1053 735 1311 788 ADDICUNTUR.

277 884 431 950 Accessit
461 906 565 951 novus
601 907 696 951 casus
733 887 949 950 successionis
979 907 1024 951 ex
1054 887 1289 954 constitutione
1318 886 1384 951 divi

235 989 350 1054 Marci.
395 1011 473 1054 nam
503 991 531 1056 si
564 991 607 1068 hi,
635 993 690 1074 qui
715 991 903 1056 libertatem
926 1003 1124 1075 acceperunt
1147 1013 1168 1056 a
1191 993 1327 1057 domino
1352 993 1385 1056 in

234 1103 446 1172 testamento,
473 1116 518 1159 ex
548 1116 614 1180 quo
645 1115 711 1159 non
742 1094 852 1159 aditur
877 1095 1053 1172 hereditas,
1077 1095 1180 1162 velint
1209 1097 1297 1161 bona
1322 1095 1385 1161 sibi

233 1199 342 1263 addici
369 1199 571 1264 libertatium
596 1202 893 1264 conservandarum
920 1221 1029 1280 causa,
1050 1202 1237 1266 audiuntur.
1283 1201 1386 1265 etita

234 1303 392 1386 rescripto
415 1304 482 1368 divi
504 1304 609 1368 Marci
632 1304 675 1368 ad
697 1303 862 1386 Popilium
885 1303 1011 1368 Rufum
1034 1307 1229 1370 continetur.
1273 1303 1414 1368 Verbal

232 1407 381 1488 rescripti
407 1408 453 1472 ita
470 1429 506 1472 se
528 1408 670 1473 habent:
700 1406 757 1473 ‘Si
773 1407 922 1490 Virginio
937 1407 1080 1485 Valenti,
1101 1409 1157 1492 qui
1182 1417 1386 1472 testamento

233 1531 294 1574 suo
319 1511 508 1576 libertatern
534 1513 734 1596 quibusdam
760 1513 943 1596 adscripsit,
970 1514 1102 1577 nemine
1127 1533 1316 1578 successore
1341 1513 1385 1576 ab

233 1614 391 1679 intestato
407 1617 573 1681 existente
595 1617 628 1681 in
652 1637 691 1681 ea
713 1637 811 1682 causa
826 1617 915 1681 bona
934 1637 1006 1681 esse
1026 1627 1215 1700 coeperunt,
1231 1626 1268 1681 ut
1283 1618 1385 1682 veniri

234 1720 398 1786 debeant:
420 1721 448 1784 is
464 1723 555 1785 cuius
571 1722 613 1786 de
628 1743 668 1786 ea
683 1743 718 1786 re
733 1723 825 1787 notio
845 1731 896 1786 est
917 1721 1028 1786 aditus
1051 1723 1213 1786 rationem
1232 1721 1385 1786 desiderii

232 1823 282 1886 tui
308 1822 453 1900 habebit,
479 1835 515 1889 ut
542 1826 743 1890 libertatium
770 1833 841 1889 tam
866 1846 990 1902 earum,
1013 1845 1100 1908 quae
1126 1826 1261 1906 directo,
1283 1845 1385 1909 quam

232 1946 357 2004 earum,
383 1948 469 2011 quae
492 1950 551 2012 per
578 1930 722 2013 speciem
751 1928 996 1994 fideicommissi
1021 1931 1155 1994 relictae
1181 1939 1266 2008 sunt,
1290 1939 1385 1992 tuen·

233 2031 351 2094 darum
373 2033 480 2114 gratia
506 2033 703 2098 addicantur
728 2033 798 2112 tibi,
822 2035 849 2096 si
876 2033 996 2098 idonee
1019 2033 1235 2098 creditoribus
1260 2031 1386 2097 caveris

234 2134 277 2199 de
306 2135 413 2200 solido
442 2139 532 2220 quod
568 2139 686 2222 cuique
715 2138 857 2202 debetur
886 2137 1056 2202 solvendo.
1111 2147 1144 2202 et
1176 2137 1211 2201 hi
1240 2137 1386 2220 quidem,

232 2241 353 2322 quibus
378 2242 502 2308 directa
528 2243 664 2307 libertas
690 2245 770 2308 data
796 2251 856 2322 est,
881 2244 1017 2325 perinde
1044 2243 1137 2307 liberi
1163 2254 1269 2318 erunt,
1293 2261 1332 2306 ac
1358 2241 1386 2306 si

233 2343 400 2410 hereditas
414 2348 507 2412 adita
522 2359 629 2414 esset:
652 2347 686 2412 hi
702 2357 823 2422 autem,
840 2368 924 2430 quos
940 2347 1035 2411 heres
1054 2356 1189 2440 rogatus
1203 2357 1255 2412 est
1270 2367 1387 2410 manu·

233 2449 373 2527 mittere,
400 2473 420 2516 a
452 2461 486 2516 te
517 2451 705 2518 libertatem
736 2461 998 2536 consequantur:
1033 2453 1079 2516 ita
1105 2461 1142 2516 ut
1168 2453 1196 2516 si
1222 2472 1288 2515 non
1322 2451 1387 2517 alia

234 2554 427 2620 condicione
445 2557 527 2621 velis
548 2558 637 2622 bona
659 2557 720 2621 tibi
743 2557 862 2637 addici,
879 2577 980 2640 quam
1000 2567 1038 2621 ut
1061 2556 1162 2620 etiam
1182 2556 1239 2639 qui
1260 2557 1386 2621 directo

233 2655 423 2723 libertatem
439 2670 637 2743 accepenmt
655 2661 703 2727 tui
727 2661 836 2726 liberti
859 2661 949 2738 fiant,
967 2681 1044 2725 nam
1060 2659 1136 2724 huic
1152 2661 1253 2724 etiam
1268 2659 1386 2723 volun·

233 2764 295 2826 tati
322 2773 408 2840 tuae,
436 2766 464 2829 si
494 2765 516 2828 ii
542 2765 585 2829 de
614 2785 755 2848 quorum
783 2773 871 2830 statu
897 2765 1008 2847 agitur
1033 2765 1250 2841 consentiant,
1272 2773 1387 2827 aucto·

232 2867 366 2931 ritatem
393 2878 539 2933 nostram
566 2871 865 2934 accommodamus.
911 2878 944 2933 et
971 2888 1014 2932 ne
1043 2868 1140 2931 huius
1165 2865 1386 2949 rescriptionis

233 2981 366 3034 nostrae
384 2972 645 3038 emolumentum
668 2973 734 3039 alia
755 2974 883 3036 ratione
906 2973 1032 3036 irritum
1055 2971 1123 3051 fiat,
1139 2971 1166 3035 si
1186 2969 1283 3034 fiscus
1298 2971 1385 3034 bona

233 3093 412 3156 agnoscere
428 3076 588 3144 voluerit:
623 3088 657 3143 et
680 3077 714 3141 hi
736 3078 793 3160 qui
817 3078 915 3141 rebus
938 3077 1058 3140 nostris
1080 3075 1258 3139 attendunt
1281 3075 1385 3138 scient

233 3182 410 3244 commodo
437 3183 626 3264 pecuniario
652 3182 901 3266 praeferendam
927 3181 1091 3245 libertatis
1117 3199 1250 3244 causam
1278 3188 1312 3242 et
1338 3180 1385 3243 ita

233 3283 321 3348 bona
350 3288 507 3369 cogenda,
538 3297 575 3352 ut
604 3288 738 3352 libertas
767 3288 820 3351 his
849 3285 940 3352 salva
970 3287 1022 3362 sit,
1053 3285 1110 3368 qui
1141 3304 1216 3348 earn
1245 3284 1384 3366 adipisci

233 3398 420 3469 potuerunt,
450 3391 477 3454 si
507 3391 674 3456 hereditas
711 3412 755 3456 ex
788 3399 990 3456 testamento
1020 3389 1112 3452 adita
1148 3387 1255 3452 esset?
1309 3387 1415 3452 Hoc2

234 3493 390 3576 rescripto
410 3496 609 3560 subventum
633 3507 684 3562 est
706 3505 740 3560 et
762 3494 969 3559 libertatibus
993 3504 1027 3558 et
1049 3491 1223 3567 defunctis,
1239 3512 1281 3555 ne
1296 3492 1384 3556 bona

233 3617 346 3662 eorum
365 3619 385 3662 a
400 3601 616 3665 creditoribus
634 3601 864 3684 possideantur
879 3609 912 3664 et
927 3607 1079 3664 veneant.
1119 3607 1207 3662 certe
1221 3598 1248 3662 si
1263 3594 1385 3660 luerint

267 3867 398 3920 urtx1.
412 3863 426 3937 ξ
439 3867 462 3921 1.
483 3867 546 3921 The
564 3875 654 3921 estate
667 3865 759 3920 would
777 3866 813 3920 be
831 3863 975 3934 adjudged
987 3873 1017 3919 to
1034 3864 1083 3918 the
1102 3862 1246 3932 creditors,
1259 3861 1288 3917 in
1301 3861 1384 3918 order

232 3957 262 4003 to
275 3949 311 4003 be
324 3949 387 4004 sold
400 3949 429 4004 in
442 3949 617 4005 satisfaction
631 3950 664 4003 ol
676 3948 750 4004 their
762 3949 869 4017 claims,
883 3949 949 4017 only
961 3947 1033 4002 alter
1045 3947 1132 4017 being
1147 3946 1271 4017 rejected
1283 3946 1321 4014 by
1334 3947 1383 4001 the

232 4031 361 4102 instituti,
374 4034 411 4088 all
424 4033 472 4088 the
491 4033 623 4088 intestate
642 4033 725 4102 heim,
738 4031 796 4087 and
814 4033 863 4086 the
876 4031 970 4085 fiscus.
1006 4031 1069 4085 The
1087 4029 1206 4099 rescript
1225 4030 1258 4082 ol
1271 4030 1312 4082 M.
1325 4030 1382 4083 Au·

231 4115 317 4171 relius
338 4133 432 4172 seems
454 4127 484 4172 to
503 4117 574 4172 have
593 4115 804 4186 contemplated
822 4115 889 4184 only
906 4113 1032 4168 addictio
1050 4124 1081 4169 to
1099 4129 1154 4167 one
1172 4112 1205 4166 ol
1219 4113 1268 4166 the
1290 4113 1382 4166 slaves

232 4199 420 4256 manumitted
439 4201 476 4270 by
489 4201 537 4256 the
550 4201 605 4254 will
618 4199 755 4270 (Popilius
769 4198 859 4253 Rufus
877 4197 964 4266 being
982 4195 1018 4252 ele
1032 4202 1083 4250 τῶν
1094 4197 1225 4266 τυχόντων
1237 4193 1383 4262 ελευθιρίας

232 4283 260 4338 ἐν
277 4285 309 4352 τῇ
328 4284 434 4353 διαθήκῃ
447 4285 652 4356 Theophilus);
672 4282 799 4340 Gordian
816 4282 967 4352 permitted
980 4282 1001 4337 it
1014 4292 1044 4337 to
1057 4282 1093 4337 be
1108 4281 1192 4336 made
1210 4289 1240 4334 to
1259 4295 1315 4348 any
1328 4295 1382 4334 one

232 4369 296 4422 who
309 4369 401 4423 would
419 4367 483 4439 give
501 4371 549 4427 the
568 4367 690 4438 security
703 4367 754 4423 ‘de
773 4366 865 4422 solido
883 4365 960 4437 quod
979 4364 1080 4437 cuique
1099 4364 1217 4420 debetur
1229 4362 1383 4432 solvendo,'

233 4451 304 4508 Cod.
318 4465 343 4521 7.
357 4467 382 4508 2.
394 4452 420 4510 6.
