3148 5024
263 279 328 345 430
465 265 539 320 INS
542 265 614 320 TIT
616 263 672 319 UT
669 263 815 320 IONUM
832 263 951 320 LIBRI
969 264 1204 338 QUATTUOR.
1290 269 1357 336 [Lib.
1368 273 1412 326 Ill.

237 439 396 515 tumque,
426 439 485 496 aut
516 429 581 495 olei
610 428 677 494 viai
708 427 861 493 frumenti
890 430 1022 494 emendi
1051 431 1292 518 vendendique.
1365 434 1410 498 Et

264 535 399 618 quidem
422 535 450 598 si
475 533 554 597 nihil
578 533 621 598 de
643 529 792 616 partibus
814 532 894 596 lucri
918 541 952 597 et
975 534 1088 598 damni
1115 537 1309 602 nominatim
1335 559 1412 602 con·

263 639 397 716 venerit,
428 637 582 722 aequales
614 636 739 700 scilicet
769 647 879 718 partes
909 646 944 702 et
975 637 1008 700 in
1038 636 1129 702 lucro
1159 650 1193 704 et
1222 641 1255 704 in
1285 642 1410 706 damno

263 751 463 823 spectantur.
517 741 606 823 quod
637 740 664 803 si
695 760 874 822 expressae
899 738 1019 804 luerint
1050 750 1170 824 partes,
1197 743 1262 808 hae
1288 745 1410 809 servari

263 843 406 909 debent:
430 863 489 908 nec
505 844 593 908 enim
608 863 767 926 umquam
779 843 916 907 dubium
931 842 999 923 fuit,
1009 844 1090 927 quin
1105 845 1216 911 valeat
1228 849 1412 928 conventio,

263 949 289 1012 si
306 947 372 1011 duo
388 948 472 1011 inter
489 968 525 1012 se
540 947 628 1030 pacti
647 957 733 1022 sunt,
749 955 786 1010 ut
807 947 850 1010 ad
872 966 974 1010 unum
990 947 1126 1030 quidem
1144 950 1229 1013 duae
1244 961 1358 1034 partes
1379 963 1412 1016 et

233 1052 377 1116 2damni
397 1063 431 1117 et
451 1051 531 1116 lucri
552 1051 746 1134 pertineant,
761 1051 803 1114 ad
825 1051 926 1114 alium
948 1053 1055 1118 tertia.
1101 1047 1154 1117 De
1169 1053 1225 1118 illa
1240 1076 1320 1120 sane
1336 1076 1412 1121 cou-

262 1158 417 1221 ventione
434 1156 619 1239 quaesitum
637 1164 697 1232 est,
714 1155 741 1219 si
762 1153 870 1220 Titius
889 1163 923 1219 et
945 1154 1041 1220 Seius
1062 1155 1198 1222 interae
1217 1161 1306 1242 pacti
1323 1169 1411 1232 sunt,

263 1269 301 1324 ut
323 1261 366 1324 ad
389 1259 515 1324 Titium
540 1259 619 1323 lucri
643 1261 729 1324 duae
751 1269 862 1342 partes
887 1259 1083 1343 pertineant,
1105 1260 1218 1325 damnl
1237 1265 1344 1338 tertia,
1369 1264 1411 1327 ad

264 1361 379 1428 Seium
402 1365 488 1428 duae
510 1373 621 1446 partes
644 1364 766 1439 damni,
782 1363 862 1428 lucri
885 1365 992 1440 tertia,
1013 1383 1056 1428 an
1079 1373 1150 1429 rata
1173 1367 1274 1431 debet
1296 1365 1411 1433 haberi

263 1465 460 1531 conventio?
498 1465 642 1549 Quintus
662 1467 793 1531 Mucius
812 1475 928 1532 contra
948 1475 1100 1531 naturam
1121 1469 1289 1534 societatis
1308 1471 1411 1536 talem

262 1572 449 1654 pactionem
466 1593 537 1636 esse
549 1571 751 1636 existimavit
764 1583 797 1636 et
812 1572 856 1636 ob
873 1571 906 1636 id
922 1592 988 1635 non
1001 1591 1072 1636 esse
1088 1582 1193 1636 ratam
1209 1573 1411 1640 habendam.

264 1673 398 1740 Servius
429 1673 603 1760 Sulpicius,
633 1677 724 1740 cuius
751 1675 915 1741 sententia
943 1675 1136 1759 praevaluit,
1162 1687 1276 1743 contra
1299 1681 1410 1756 sentit,

262 1781 340 1862 quia
361 1799 461 1863 saepe
483 1781 689 1863 quorundam
711 1781 757 1845 ita
777 1781 920 1864 pretiosa
941 1790 992 1844 est
1014 1800 1116 1862 opera
1136 1783 1169 1844 in
1187 1783 1357 1859 societate,
1375 1793 1412 1847 ut

262 1903 320 1947 eos
336 1884 457 1946 iustum
473 1885 516 1947 sit
532 1883 667 1948 meliore
682 1885 875 1948 condicione
896 1883 929 1947 in
950 1885 1143 1949 societatem
1158 1886 1308 1950 admitti:
1332 1907 1410 1951 nam

263 1995 297 2050 et
313 1987 359 2051 ita
375 1987 452 2051 coiri
468 2007 566 2071 posse
580 1989 771 2052 societatem
788 2007 854 2051 non
875 1987 1053 2064 dubitatur,
1071 1996 1108 2051 ut
1129 1989 1214 2052 alter
1233 1991 1410 2072 pecuniam

262 2091 417 2171 conferat,
433 2092 518 2156 alter
536 2112 600 2156 non
624 2092 770 2157 conferat
793 2101 826 2156 et
849 2102 962 2156 tamen
985 2089 1111 2155 lucrum
1134 2091 1219 2158 inter
1241 2115 1298 2158 eos
1320 2113 1411 2158 com·

262 2218 361 2262 mune
377 2198 427 2276 sit,
443 2197 519 2281 quia
537 2217 636 2281 saepe
651 2218 751 2280 opera
767 2197 901 2261 alicuius
916 2217 976 2311 pro
991 2196 1130 2279 pecunia
1144 2196 1242 2262 valet.
1276 2207 1311 2263 et
1325 2197 1411 2262 adeo

261 2313 377 2366 contra
407 2300 523 2384 Quinti
555 2301 656 2366 Mucii
687 2302 885 2366 sententiam
915 2300 1068 2387 optinuit,
1099 2311 1137 2366 ut
1166 2301 1246 2366 illud
1274 2323 1409 2386 quoque

261 2405 445 2470 constiterit
463 2425 560 2488 posse
580 2407 761 2485 convenire,
777 2415 814 2470 ut
835 2405 909 2488 quis
928 2403 1006 2468 lucri
1026 2414 1153 2488 partem
1175 2405 1267 2486 ferat,
1282 2407 1408 2472 damno

261 2529 327 2573 non
342 2517 500 2586 teneatur,
518 2511 606 2592 quod
627 2519 660 2574 et
680 2511 788 2592 ipsum
806 2507 939 2574 Servius
960 2510 1193 2575 convenienter
1210 2511 1272 2574 sibi
1291 2512 1407 2576 existi·

261 2614 382 2678 mavit:
405 2614 495 2696 quod
518 2623 631 2678 tamen
655 2615 700 2678 ita
723 2613 870 2698 intellegi
893 2621 1034 2696 oportet,
1058 2623 1104 2694 ut,
1127 2615 1155 2678 si
1181 2615 1215 2678 in
1237 2615 1349 2699 aliqua
1372 2636 1407 2680 re

259 2717 397 2796 lucrum,
420 2717 452 2780 in
472 2717 582 2801 aliqua
605 2720 764 2783 damnum
789 2719 926 2783 allatum
953 2719 1005 2793 sit,
1029 2719 1299 2802 compensatione
1321 2719 1409 2784 iacta

259 2925 339 2964 some
357 2905 461 2978 special
474 2906 612 2976 business,
625 2924 650 2962 e.
658 2923 683 2977 g.
698 2923 730 2961 as
743 2923 810 2962 corn
824 2923 855 2960 or
868 2904 939 2960 wine
952 2905 1122 2975 merchants,
1136 2905 1203 2975 Dig.
1216 2905 1252 2961 ib.
1270 2919 1292 2976 5.
1305 2924 1356 2977 pr,
1370 2906 1409 2962 ib.

261 3007 301 3065 5²·
316 3008 333 3060 4
346 2991 402 3048 and
418 3004 439 3062 5.
477 2992 503 3045 Α
516 2991 668 3061 particular
679 2990 751 3045 form
764 2990 797 3044 of
805 2989 861 3046 this
874 3007 931 3044 was
944 2990 1065 3044 societas
1078 2989 1231 3060 vectigalis,
1244 2989 1354 3044 formed
1368 2989 1410 3044 for

258 3077 307 3132 the
320 3075 442 3146 farming
450 3075 482 3130 of
491 3075 540 3130 the
552 3074 647 3145 public
659 3091 788 3142 revenue,
799 3091 817 3128 a
828 3071 993 3143 peculiarity
1002 3073 1035 3127 of
1043 3071 1135 3127 which
1144 3089 1202 3128 was
1214 3072 1276 3128 that
1288 3073 1337 3129 the
1349 3073 1408 3128 rule

259 3160 352 3217 stated
366 3159 394 3214 in
408 3161 422 3228 §
440 3172 452 3230 5
467 3158 516 3213 inf.
528 3157 577 3212 did
590 3167 639 3214 not
652 3157 728 3226 hold,
743 3157 808 3226 Dig.
825 3169 863 3223 17.
879 3171 903 3210 2.
918 3168 959 3226 59.

296 3243 336 3314 (3)
357 3243 484 3300 Societas
497 3243 536 3298 rei
550 3243 640 3312 unius,
651 3243 699 3298 the
712 3241 805 3312 object
818 3241 850 3295 of
860 3239 950 3294 which
967 3239 992 3295 is
1010 3258 1028 3297 a
1047 3240 1137 3312 single
1154 3239 1337 3311 transaction‚
1349 3256 1407 3310 eg.

258 3331 307 3385 the
317 3329 389 3400 joint
402 3329 540 3399 purchase
553 3328 586 3382 of
594 3326 708 3398 specilic
721 3335 861 3394 property,
876 3323 942 3394 Dig.
955 3323 993 3378 ib.
1008 3338 1032 3395 5.
1044 3339 1095 3396 pr,
1109 3325 1145 3381 ib.
1162 3327 1202 3395 58.
1215 3339 1256 3394 pr.

295 3412 309 3484 §
324 3417 348 3467 1.
367 3413 408 3467 As
421 3428 541 3483 appears
554 3409 626 3465 from
641 3425 656 3464 2
670 3409 717 3464 ini.
728 3409 764 3463 ad
778 3409 834 3477 fin,
846 3408 885 3477 by
897 3409 1005 3463 lucrum
1022 3409 1079 3463 and
1096 3409 1231 3463 damnum
1244 3407 1269 3463 is
1281 3415 1377 3463 meant
1389 3422 1408 3462 a

257 3495 421 3552 favourable
439 3493 497 3548 and
515 3509 552 3548 an
571 3493 690 3547 adverse
708 3492 828 3546 balance
846 3501 875 3545 at
894 3491 943 3546 the
961 3490 1030 3546 time
1048 3491 1130 3546 when
1147 3492 1195 3546 the
1210 3499 1345 3545 accounts
1358 3505 1406 3544 are

258 3579 353 3647 taken,
366 3595 390 3632 e.
395 3595 422 3646 g.
442 3585 470 3631 at
489 3576 538 3630 the
550 3575 607 3629 end
623 3575 656 3629 of
670 3575 719 3629 the
737 3591 813 3643 year,
827 3590 859 3628 or
871 3575 952 3629 when
965 3575 1016 3630 the
1027 3573 1205 3646 partnership
1212 3573 1242 3628 is
1255 3573 1408 3630 dissolved.

260 3661 290 3714 If
304 3659 324 3714 it
343 3677 417 3714 were
434 3659 547 3728 agreed,
561 3659 589 3712 in
608 3675 625 3713 a
643 3656 823 3728 partnership
842 3657 970 3713 between
988 3659 1015 3714 A
1033 3658 1091 3714 and
1110 3659 1142 3728 B,
1156 3659 1217 3713 that
1235 3657 1318 3712 while
1336 3657 1406 3712 each

257 3741 360 3796 should
373 3742 456 3819 share
468 3742 558 3797 losses
571 3741 690 3811 equally,
703 3742 729 3795 A
742 3740 843 3794 should
855 3742 928 3797 have
941 3758 959 3796 a
971 3742 1063 3812 larger
1077 3740 1241 3812 proportion
1254 3741 1287 3795 of
1300 3741 1406 3810 profits,

258 3826 279 3880 it
292 3841 350 3880 was
362 3843 380 3880 a
392 3823 536 3879 condition
550 3825 611 3879 that
623 3825 650 3878 A
662 3823 765 3878 should
782 3825 855 3880 have
874 3824 1053 3880 contributed
1066 3841 1144 3880 more
1156 3825 1225 3879 than
1239 3825 1262 3878 B
1276 3823 1367 3879 either
1378 3822 1412 3878 of

257 3908 370 3980 capital,
392 3907 490 3976 credit,
509 3924 542 3962 or
562 3917 770 3978 management,
792 3918 861 3963 etc:
888 3907 929 3962 ‘si
954 3925 1021 3963 vero
1045 3906 1181 3979 placuerit
1202 3917 1231 3961 ut
1252 3906 1315 3977 quis
1335 3905 1406 3961 duas

257 4003 352 4065 partes
373 3993 417 4048 vel
436 4001 494 4046 tres
512 3991 625 4060 habeat,
644 3991 715 4046 alius
734 4007 828 4061 unam,
848 4009 884 4046 an
903 3991 1018 4047 valeat?
1040 3993 1133 4062 placet
1155 3990 1258 4058 valere,
1277 3989 1301 4044 si
1320 3987 1405 4044 modo

257 4076 364 4148 aliquid
382 4077 445 4147 plus
463 4075 581 4130 contulit
600 4075 727 4130 societati
746 4077 791 4130 vel
809 4074 946 4145 pecuniae
968 4076 1012 4131 vel
1031 4091 1135 4146 operae
1152 4075 1197 4130 vel
1215 4073 1405 4144 cuiuscunque

257 4159 371 4216 alterius
390 4159 430 4214 rei
449 4160 550 4214 causa’
569 4157 635 4228 Dig.
651 4171 690 4225 17.
704 4173 728 4214 a.
749 4173 790 4229 29
804 4175 846 4228 pr.
884 4159 917 4212 In
936 4159 985 4214 the
1003 4168 1062 4214 text
1080 4158 1177 4213 before
1194 4175 1228 4212 us
1248 4155 1312 4227 (nec
1330 4155 1405 4212 enim

257 4259 402 4313 unquam.
418 4283 443 4298 ..
457 4283 464 4297 .
478 4240 515 4296 'ad
528 4240 614 4297 alium
626 4241 720 4310 tertia)
734 4243 783 4296 the
799 4257 897 4296 excess
910 4239 1090 4298 contributed
1101 4241 1140 4312 by
1151 4241 1178 4294 A
1190 4239 1215 4296 is
1227 4251 1257 4296 to
1269 4240 1306 4296 be
1319 4237 1405 4294 found

256 4327 295 4396 by
307 4325 403 4395 laying
414 4335 500 4380 stress
514 4341 589 4394 upon
601 4324 650 4380 the
662 4325 754 4379 words
767 4323 810 4379 ‘et
824 4323 937 4379 damni.’

194 4472 197 4478 ¹
293 4407 352 4479 52.
371 4410 433 4465 The
445 4407 545 4465 earlier
558 4417 620 4479 part
633 4408 666 4464 of
680 4407 736 4464 this
753 4406 861 4466 section
878 4425 971 4465 seems
987 4417 1016 4465 at
1032 4407 1091 4464 first
1108 4406 1184 4479 sight
1196 4417 1226 4464 to
1238 4406 1275 4462 be
1287 4403 1405 4476 directly
