3028 5016
136 290 186 340 ‘ra
201 281 252 350 4.]
535 279 596 334 ua
618 277 902 338 rurannrcrrs
1219 279 1283 352 593

138 457 311 522 interdicta
346 455 514 540 appellari,
550 455 628 539 quia
669 455 753 520 inter
789 455 873 518 duos
914 452 1073 517 dicuntur.
1134 449 1313 534 Sequens2

137 561 253 626 divisio
279 561 526 624 interdictorum
553 560 635 624 haec
662 569 719 634 est,
747 559 836 641 quod
862 558 1027 640 quaedam
1051 555 1284 639 adipiscendae

137 664 353 748 possessionis
369 685 467 728 causa
482 673 671 746 comparata
687 672 773 741 sunt,
788 663 951 745 quaedam
967 660 1166 735 retinendae,
1183 679 1283 741 quae·

138 769 215 833 dam
226 769 466 852 reciperandae.
488 766 1064 852 Adipiscendaepossessioniscausa
1075 764 1314 828 interdictum3

137 872 408 938 accommodatur
430 872 591 936 bonorum
615 871 804 955 possessori,
825 871 915 954 quod
937 867 1124 952 appellatur
1145 887 1285 950 quorum

138 978 312 1050 bonorum,
336 977 472 1060 eiusque
495 977 544 1040 vis
570 985 603 1041 et
630 985 777 1058 potestas
800 973 882 1038 haec
906 982 966 1049 est,
988 982 1034 1048 ut,
1055 970 1145 1055 quod
1167 992 1212 1036 ex
1234 970 1286 1034 his

139 1081 234 1145 bonis
252 1082 400 1164 quisque,
422 1101 562 1164 quorum
585 1079 748 1163 possessio
775 1077 872 1143 alicui
895 1078 974 1141 data
997 1085 1056 1150 est,
1081 1095 1140 1158 pro
1163 1073 1286 1139 herede

138 1194 195 1249 aut
210 1205 270 1268 pro
286 1205 473 1268 possessore
489 1185 665 1268 possideat,
681 1185 714 1248 id
731 1183 771 1260 ei,
783 1183 834 1248 cui
850 1182 1011 1245 bonorum
1028 1179 1191 1262 possessio
1206 1180 1287 1242 data

139 1299 198 1366 est,
223 1289 394 1353 restituere
416 1288 546 1354 debeat.
591 1309 650 1372 pro
676 1287 798 1352 herede
821 1296 933 1351 autem
958 1283 1125 1368 possidere
1147 1282 1285 1357 videtur,

138 1393 195 1475 qui
218 1402 313 1475 putat
334 1413 370 1457 se
396 1391 554 1457 heredem
580 1413 671 1457 esse:
695 1413 755 1475 pro
782 1409 971 1473 possessore
997 1389 1024 1451 is
1051 1387 1207 1470 possidet,
1230 1385 1287 1468 qui

140 1495 230 1560 nullo
260 1497 329 1561 iure
360 1516 430 1560 rem
459 1496 690 1561 hereditariam
720 1495 772 1562 vel
803 1495 904 1559 etiam
934 1503 1040 1558 totam
1069 1491 1288 1555 hereditatem

140 1599 246 1664 sciens
261 1601 304 1666 ad
320 1621 356 1664 se
372 1621 438 1664 non
453 1600 618 1683 pertinere
633 1599 790 1682 possidet.
835 1599 911 1661 ideo
929 1609 1041 1662 autem
1057 1594 1289 1676 adipiscendae

140 1703 354 1787 possessionis
368 1714 504 1769 vocatur
526 1704 746 1782 interdictum,
763 1702 841 1786 quia
863 1702 893 1766 ei
912 1709 1041 1765 tantum
1057 1697 1137 1763 utile
1158 1706 1216 1774 est,
1231 1697 1288 1780 qui

142 1827 228 1872 nunc
254 1807 397 1890 primum
427 1816 565 1872 conatur
594 1807 730 1891 adipisci
760 1807 806 1870 rei
837 1803 1098 1888 possessionem:
1128 1801 1238 1885 itaque
1260 1800 1288 1862 si

140 1911 214 1994 quis
238 1912 379 1993 adeptus
401 1912 642 1994 possessionem
667 1910 813 1974 amiserit
835 1927 918 1987 eam,
940 1906 1003 1971 hoc
1026 1903 1235 1970 interdictum
1259 1902 1289 1966 ei

141 2013 257 2079 inutile
278 2023 340 2079 est.
384 2014 595 2079 interdictum
615 2035 756 2098 quoque,
770 2014 858 2096 quod
880 2010 1066 2094 appellatur
1087 2007 1289 2085 Saluianum,

141 2245 175 2300 cl.
200 2245 288 2301 Gaius
310 2245 344 2301 iv.
369 2246 426 2300 162.
463 2245 577 2301 Certain
595 2243 716 2300 services
733 2245 817 2299 could
835 2243 871 2298 be
889 2242 992 2312 legally
1010 2239 1132 2296 claimed
1149 2239 1222 2294 from
1242 2239 1289 2294 the

142 2328 257 2384 libertus
276 2329 314 2398 by
332 2327 376 2384 his
394 2337 495 2399 patron
508 2327 533 2382 il
547 2329 615 2397 they
633 2328 691 2382 had
708 2328 781 2382 been
800 2324 944 2398 promised
962 2326 1053 2379 under
1070 2323 1159 2390 oath;
1178 2339 1226 2377 see
1242 2337 1289 2392 pp.

143 2425 203 2480 371,
217 2412 268 2480 388
281 2428 356 2482 supr.
394 2411 456 2466 The
473 2409 606 2466 interdiet
624 2410 648 2466 is
667 2419 717 2466 not
733 2409 898 2465 mentioned
910 2409 1063 2464 elsewhere
1076 2406 1105 2461 in
1118 2406 1166 2461 the
1181 2406 1289 2476 Corpus
1326 2476 1329 2481 1

142 2512 218 2550 runs.

180 2579 237 2632 For
248 2578 297 2634 the
310 2579 411 2648 pater's
424 2576 498 2649 right
511 2588 541 2634 to
554 2577 667 2634 eniorce
679 2576 846 2649 production
857 2575 890 2630 ol
898 2575 1024 2631 children
1038 2572 1066 2628 in
1079 2572 1124 2628 his
1136 2589 1231 2642 power
1242 2588 1291 2626 see

145 2661 209 2731 Dig.
224 2675 266 2729 43.
281 2676 334 2730 303
352 2662 400 2716 the
418 2663 538 2718 formula
557 2663 591 2716 os
605 2663 653 2718 the
672 2661 803 2718 interdict
820 2678 874 2716 ran
893 2659 955 2731 ‘qui
975 2675 1083 2730 quaeve
1102 2657 1131 2712 in
1150 2664 1291 2728 potestate

144 2744 210 2800 Titii
230 2754 281 2814 est,
294 2743 318 2800 si
337 2745 361 2800 is
380 2763 450 2802 eave
467 2746 544 2816 apud
562 2756 591 2802 te
609 2755 652 2802 est
672 2747 773 2802 dolove
792 2746 867 2800 malo
886 2755 935 2800 tuo
953 2744 1060 2799 sactum
1078 2751 1122 2798 est
1140 2739 1291 2812 quominus
1371 2769 1374 2778 ·

143 2828 220 2898 apud
233 2837 260 2884 te
273 2837 356 2897 esset,
370 2827 410 2882 ita
422 2845 487 2884 eum
500 2845 600 2884 eamve
613 2828 763 2884 exhibeas.¹

180 2911 269 2967 Gaius
292 2911 339 2980 (iv.
362 2911 423 2978 ¹4⁰)
445 2929 511 2981 says
530 2913 592 2966 that
612 2912 709 2967 orders
731 2911 877 2982 enjoining
896 2909 1055 2967 restitution
1074 2925 1106 2964 or
1124 2905 1292 2980 productiora

145 3011 217 3050 were
230 3003 279 3048 not
293 2993 464 3064 improperly
477 2994 568 3048 called
584 2995 698 3050 decreta
711 3013 718 3064 ;
737 2995 771 3050 cl.
785 2996 833 3050 the
846 2995 890 3050 lex
903 2995 939 3048 de
953 2995 1027 3050 Gall.
1039 2992 1137 3062 cisalp.
1150 2992 1292 3057 decernet,

146 3075 338 3132 interdicetve.
376 3077 433 3130 For
446 3075 612 3131 interdicere
625 3077 654 3130 in
667 3078 715 3132 the
732 3094 815 3132 sense
829 3077 861 3131 ol
876 3076 1040 3146 ‘ordering’
1052 3075 1087 3130 ci.
1101 3075 1146 3128 ‘ut
1159 3073 1294 3142 navigare

145 3159 249 3214 liceat.
263 3199 288 3214 ..
303 3158 485 3214 interdicam’
499 3158 564 3228 Dig.
578 3173 621 3228 43.
638 3173 676 3226 14.
694 3171 769 3228 apr.
804 3158 968 3229 Justinian's
987 3157 1144 3213 derivation
1162 3157 1194 3211 ol
1209 3155 1293 3210 inter·

146 3241 253 3298 dictum
263 3241 286 3296 is
296 3241 472 3313 reproduced
484 3242 523 3311 by
533 3241 716 3312 Theophilus,
729 3241 883 3310 ἰντερδίκτον
897 3284 903 3297 .
918 3283 925 3297 .
939 3283 946 3297 .
959 3241 1032 3296 ἐστὶν
1044 3238 1132 3308 ὁμιλία
1144 3239 1296 3308 Πραίτωροι·

144 3324 242 3393 μεταξὺ
259 3324 306 3380 δύο
323 3315 406 3395 savhe,
424 3325 482 3380 and
501 3325 628 3395 possibly
643 3325 667 3379 is
684 3325 839 3396 supported
855 3325 894 3394 by
907 3323 974 3393 Dig.
987 3338 1029 3390 43.
1044 3339 1085 3378 20.
1103 3338 1123 3378 r.
1139 3338 1173 3392 29
1192 3322 1294 3378 ‘inter-

146 3409 309 3464 trimentum
327 3409 364 3464 ab
382 3425 425 3477 eo,
439 3408 515 3480 quod
531 3408 587 3464 duo
600 3425 673 3479 quae
686 3407 758 3463 inter
771 3425 802 3463 se
815 3407 880 3463 trita
893 3418 921 3464 et
934 3406 1087 3462 deminuta
1102 3443 1109 3460 .
1122 3403 1139 3461 .’
1161 3405 1294 3461 Isidorus¹

146 3493 308 3563 etymology
327 3491 351 3548 is
369 3491 508 3561 different,
523 3490 721 3546 ‘interdictum
735 3501 786 3561 est,
800 3491 867 3562 quia
876 3491 914 3548 ad
926 3500 1039 3560 tempus
1052 3487 1164 3545 interim
1177 3487 1295 3544 dicitur'

146 3593 214 3646 ⁰1¹8·
232 3589 255 3646 5·
269 3589 309 3646 ²5·
705 3588 708 3594 ’

184 3657 239 3729 ξ2.
259 3658 329 3713 Thu
342 3659 375 3713 ol
389 3675 489 3715 course
508 3657 531 3714 is
550 3676 568 3714 a
587 3658 708 3714 division
727 3660 793 3730 only
812 3659 846 3714 ol
860 3661 1031 3728 Possessory
1044 3657 1210 3726 interdicts;
1229 3655 1250 3712 it
1269 3655 1294 3711 is

148 3743 301 3813 ‘sequens’
318 3759 350 3798 or
366 3743 569 3809 subordinate;
588 3743 648 3798 that
667 3742 727 3797 into
745 3741 939 3814 prohibitoria,
957 3751 1020 3809 ete,
1039 3741 1063 3798 is
1082 3741 1225 3798 ‘summa'
1238 3739 1293 3810 (lt

148 3824 235 3897 supr.)
249 3841 281 3879 or
294 3825 485 3897 ‘principalis’
499 3826 599 3895 (Gaius
613 3826 647 3882 iv.
661 3827 733 3897 142).

184 3906 239 3979 §8.
268 3909 330 3964 Τὴε
351 3909 472 3964 formula
495 3911 528 3964 of
549 3927 667 3981 quorum
692 3910 832 3964 bonorum
857 3909 880 3965 is
911 3909 995 3980 given
1027 3907 1056 3964 in
1079 3909 1144 3978 Dig.
1166 3923 1207 3979 43.
1231 3924 1254 3964 2.
1282 3924 1292 3964 r

147 3996 282 4066 ‘quorum
294 3993 433 4048 bonorum
446 4011 480 4048 ex
490 3993 584 4049 edicto
593 4011 658 4049 meo
667 3993 705 4048 illi
718 3993 862 4063 possessio
875 3994 943 4048 data
955 4003 1007 4062 est,
1020 3993 1097 4064 quod
1107 3994 1143 4048 de
1155 3993 1200 4046 his
1212 3993 1296 4048 bonis

148 4093 199 4149 pro
214 4076 318 4132 herede
337 4085 385 4131 aut
404 4093 455 4147 pro
469 4093 633 4147 possessore
645 4076 784 4146 possides,
798 4075 995 4146 possideresve
1008 4075 1032 4130 si
1045 4075 1115 4129 nihil
1128 4085 1297 4145 usucaptum

148 4170 233 4229 esset,
246 4159 379 4232 quodque
392 4159 458 4214 dolo
471 4161 547 4215 malo
564 4159 655 4216 fecisti
668 4159 708 4216 uti
725 4159 870 4216 desineres
888 4159 1042 4230 possidere,
1056 4158 1085 4213 id
1098 4157 1136 4212 illi
1150 4157 1297 4213 restituas.²

149 4247 218 4300 Two
236 4242 322 4299 vlews
342 4259 390 4298 are
409 4243 476 4298 held
494 4260 526 4298 as
545 4253 575 4298 to
594 4243 630 4299 its
648 4251 748 4298 nature
763 4263 770 4308 ;
790 4243 915 4313 Savigny
927 4241 1079 4297 maintains
1098 4242 1159 4298 that
1176 4240 1196 4295 it
1210 4257 1298 4296 wasa

149 4325 293 4383 definitive
312 4325 429 4396 remedy
441 4325 480 4397 by
492 4325 584 4382 which
603 4328 651 4383 the
670 4327 810 4382 bonorum
828 4341 976 4397 possessor
994 4323 1128 4380 obtained
1147 4341 1165 4379 a
1181 4323 1298 4395 judicial

148 4413 323 4486 recognition
342 4412 433 4470 olbis
451 4413 511 4472 title
530 4431 562 4472 as
580 4413 741 4488 praetorian
759 4413 828 4486 heir,
842 4413 924 4472 while
942 4422 1017 4471 most
1036 4413 1118 4470 other
1136 4409 1242 4468 writers
1259 4427 1297 4466 on

695 4510 758 4588 Qq
