3176 5022
230 293 304 380 ‘346
443 302 518 360 INS
520 303 590 362 TIT
594 302 648 359 UT
647 301 794 360 IONUM
811 301 931 359 LIBRI
949 301 1185 374 QUATTUOR.
1271 301 1388 370 [crunt.

239 464 325 530 inter
344 486 458 531 omnes
481 475 618 551 nepotes
640 477 674 533 et
696 475 869 552 neptes-et
890 464 973 532 alias
995 465 1154 549 deinceps
1171 484 1336 549 personas,
1350 475 1389 530 ut

239 579 379 653 utraque
400 573 576 654 progenies
602 572 716 637 matris
740 592 819 636 suae
842 571 894 636 vel
916 571 1028 654 patris,
1050 570 1144 635 aviae
1165 569 1218 632 vel
1241 569 1293 634 avi
1316 589 1389 652 por·

239 672 365 738 tionem
388 675 458 739 sine
480 674 547 740 ulla
570 676 796 741 deminutione
818 685 1070 759 consequantur,
1086 685 1132 752 ut,
1154 674 1181 738 si
1203 674 1288 738 sorte
1306 693 1389 737 unus

239 775 292 840 vel
308 777 374 841 duo
390 799 434 842 ex
450 799 515 844 una
530 789 633 861 parte,
649 801 693 844 ex
713 779 818 844 altera
833 789 901 844 tres
921 787 979 844 aut
994 787 1149 861 quattuor
1164 785 1291 852 extent,
1307 797 1389 840 unus

240 890 298 944 aut
318 883 385 945 duo
408 883 589 962 dimidiam,
604 883 700 949 alteri
722 893 790 949 tres
812 892 870 949 aut
893 892 1051 966 quattuor
1064 881 1202 947 alteram
1218 881 1389 946 dimidiam

239 981 433 1051 hereditatis
452 987 608 1053 habeant.

692 1183 694 1186 .
795 1131 840 1199 ΙΙ.

405 1310 455 1361 oa
477 1310 664 1362 unorrrun
686 1309 950 1362 ADGNATORUM
974 1309 1231 1362 successmus.

288 1459 325 1527 Si
349 1481 447 1526 nemo
473 1481 551 1525 suus
580 1459 676 1525 heres
700 1457 753 1525 vel
784 1479 906 1539 eorum,
929 1480 1012 1544 quos
1039 1461 1126 1526 inter
1151 1482 1228 1526 suos
1253 1459 1391 1526 heredes

243 1575 375 1648 praetor
389 1563 442 1628 vel
465 1564 716 1629 constitutiones
731 1573 860 1644 vocant,
876 1573 973 1628 extat
996 1575 1030 1630 et
1052 1567 1292 1630 successionem
1311 1585 1392 1648 quo·

245 1688 311 1751 quo
336 1669 436 1732 modo
460 1666 698 1751 amplectatur:
731 1676 810 1732 tunc
836 1687 880 1730 ex
906 1667 980 1751 lege
1004 1669 1180 1734 duodecim
1206 1668 1392 1734 tabularum

216 1772 288 1835 lad
317 1771 499 1854 adgnatum
532 1771 722 1854 proximum
750 1769 917 1834 hereditas
948 1772 1124 1856 pertinet..
1162 1771 1249 1837 Sunt
1281 1782 1392 1836 autem

244 1874 390 1956 adgnati,
407 1883 444 1938 ut
460 1874 567 1957 primo
589 1895 722 1958 quoque
743 1873 825 1939 libro
848 1875 1053 1950 tradidimus,
1070 1869 1203 1960 cognati
1221 1897 1279 1959 per
1293 1875 1394 1939 virilis

245 1998 346 2042 sexus
382 1999 538 2062 personas
576 1980 772 2063 cognatione
803 1979 913 2060 iuncti,
944 1981 1038 2063 quasi
1072 2001 1093 2045 a
1129 1991 1223 2064 patre
1253 1982 1394 2062 cognati.

245 2084 357 2166 itaque
372 2085 489 2148 eodem
513 2093 607 2167 patre
629 2085 698 2147 nati
719 2083 836 2148 fratres
854 2083 990 2166 adgnati
1009 2085 1070 2149 sibi
1093 2095 1182 2162 sunt,
1197 2085 1254 2167 qui
1270 2095 1304 2148 et
1319 2103 1396 2149 con-

246 2187 416 2270 sanguinei
438 2197 605 2265 vocantur,
621 2207 682 2252 nec
705 2187 887 2271 requiritur,
903 2209 946 2252 an
965 2189 1067 2253 etiam
1090 2189 1231 2253 eandem
1255 2197 1395 2252 matrem

245 2289 431 2356 habuerint.
464 2292 544 2357 item
561 2301 699 2375 patruus
714 2291 822 2357 fratris
838 2291 905 2358 filio
921 2303 955 2358 et
970 2293 1110 2358 invicem
1126 2293 1153 2358 is
1169 2293 1215 2356 illi
1230 2293 1396 2376 adgnatus

245 2405 305 2461 est.
359 2396 477 2460 eodem
507 2417 645 2461 numero
671 2407 748 2462 sunt
774 2398 888 2463 iratres
918 2397 1094 2481 patrueles,
1118 2398 1167 2462 id·
1184 2407 1235 2464 est
1264 2398 1321 2481 qui
1351 2417 1396 2461 ex

245 2499 375 2563 duobus
404 2499 559 2563 fratribus
594 2501 757 2584 procreati
790 2509 877 2579 sunt,
907 2503 964 2585 qui
995 2501 1097 2566 etiam
1127 2501 1313 2567 consobrini
1338 2523 1396 2565 vo-

246 2613 371 2668 cantur.
424 2624 490 2688 qua
521 2603 647 2668 ratione
677 2605 778 2670 etiam
811 2607 854 2670 ad
888 2605 997 2690 plures
1031 2608 1154 2690 gradus
1186 2604 1397 2690 adgnationis

246 2707 417 2792 pervenire
446 2709 637 2791 poterimus.
691 2708 726 2774 hi
756 2730 897 2794 quoque,
928 2708 984 2794 qui
1014 2721 1091 2795 post
1122 2722 1264 2777 mortem
1293 2711 1397 2794 patris

248 2822 434 2886 nascuntur,
465 2813 696 2878 nanciscuntur
725 2816 1020 2898 consanguinitatis
1050 2816 1130 2880 iura.
1187 2837 1254 2880 non
1284 2825 1397 2881 tamen

247 2915 401 2979 omnibus
424 2915 523 2979 simul
551 2917 706 3000 adgnatis
736 2919 795 2982 dat
821 2918 878 2984 lex
907 2919 1137 2996 hereditatem,
1162 2920 1221 2984 sed
1254 2919 1314 2998 his,
1340 2917 1397 3002 qui

247 3028 326 3084 tunc
348 3019 502 3103 proximo
524 3021 628 3102 gradu
646 3029 733 3101 sunt,
748 3042 824 3087 cum
847 3032 973 3088 certum
992 3044 1065 3088 esse
1087 3025 1233 3107 coeperit
1251 3022 1397 3106 aliquem

283 3281 343 3333 att.
356 3281 399 3334 11.
414 3277 428 3350 ξ
442 3282 467 3333 L
493 3280 550 3334 For
567 3282 616 3336 the
631 3279 740 3352 precise
756 3279 891 3352 meaning
908 3281 940 3336 oi
950 3281 1084 3352 ‘agnate’
1100 3299 1149 3338 see
1167 3297 1204 3336 on
1217 3279 1273 3336 Tit.
1290 3294 1313 3334 1.
1328 3291 1366 3349 15.
1384 3293 1395 3333 1

248 3379 322 3434 supr.
360 3363 422 3418 The
437 3363 496 3419 rule
512 3364 546 3418 ol
557 3365 606 3420 the
619 3366 732 3420 Twelve
745 3365 859 3435 Tables,
873 3365 973 3436 which,
986 3365 1015 3420 in
1031 3365 1137 3421 default
1155 3365 1187 3420 of
1196 3363 1248 3430 sui,
1261 3379 1333 3434 gave
1349 3363 1398 3418 the

248 3445 411 3502 succession
424 3456 453 3502 to
467 3447 515 3503 the
528 3458 641 3504 nearest
660 3458 764 3518 agnate
781 3465 814 3503 or
830 3459 949 3518 agnates
961 3447 990 3504 in
1008 3450 1057 3506 the
1075 3439 1154 3505 same
1171 3449 1283 3519 degree,
1296 3463 1353 3501 was
1365 3462 1399 3500 so

249 3531 357 3599 strictly
370 3531 530 3600 construed,
543 3532 605 3587 that
623 3531 647 3586 it
655 3534 692 3588 he
711 3549 744 3587 or
760 3533 828 3603 they
840 3549 913 3588 were
926 3534 1030 3588 unable
1043 3551 1075 3588 or
1093 3532 1206 3588 refused
1223 3541 1253 3586 to
1268 3530 1334 3586 take
1350 3530 1399 3584 the

248 3613 432 3682 inheritance,
446 3631 525 3670 more
537 3625 645 3672 remote
658 3626 777 3686 agnatos
791 3633 863 3672 were
883 3627 933 3672 not
946 3617 1085 3673 admitted
1103 3634 1136 3672 as
1153 3617 1231 3687 such,
1243 3615 1294 3670 but
1307 3613 1329 3668 it
1341 3629 1399 3668 was

248 3696 344 3752 delata
362 3707 391 3750 to
404 3697 453 3752 the
465 3697 541 3752 third
560 3699 642 3768 class,
660 3716 708 3755 see
722 3697 753 3770 ἕξ
771 3713 784 3770 5
798 3701 856 3755 and
869 3713 884 3767 7
900 3700 972 3770 infr,
985 3701 1019 3756 cl
1034 3700 1123 3757 Gaius
1136 3699 1175 3756 iii.
1192 3715 1222 3755 12
1242 3697 1352 3754 ‘necin
1364 3713 1400 3752 eo

248 3779 308 3836 iure
327 3779 470 3836 successio
488 3791 549 3837 est:
569 3781 690 3853 ideoque
702 3781 726 3838 si
741 3784 881 3853 adgnatus
898 3784 1041 3854 proximus
1059 3785 1247 3840 hereditatem
1265 3779 1400 3849 omiserit,

211 3917 214 3923 .
248 3864 294 3920 vel
306 3874 460 3935 antequam
472 3863 573 3920 adierit
590 3865 752 3937 decesserit,
766 3867 950 3938 sequentibus
963 3867 1033 3922 nihil
1046 3867 1113 3924 iuris
1127 3869 1236 3936 exlege
1249 3863 1401 3936 competit!

250 3948 377 4018 Perhaps
401 3948 450 4002 the
474 3947 610 4019 hardship
632 3949 665 4004 oi
685 3949 742 4007 this
764 3967 821 4006 was
843 3960 873 4006 to
897 3967 978 4007 some
1002 3961 1097 4006 extent
1121 3949 1270 4019 mitigated
1293 3947 1401 4017 hythe

249 4032 416 4088 anomalous
434 4030 509 4102 right
527 4031 619 4088 which
637 4034 686 4090 the
706 4044 819 4090 nearest
840 4044 944 4104 agnate
963 4032 1085 4106 enjoyed
1106 4034 1139 4089 os
1152 4030 1336 4100 transferring
1355 4029 1401 4084 his

249 4114 324 4184 right
344 4113 377 4168 oi
390 4113 479 4169 aditio
497 4113 535 4184 by
554 4115 582 4170 iu
599 4115 659 4172 iure
676 4117 776 4186 cessio,
791 4117 879 4172 Gaius
892 4116 919 4172 ii.
934 4129 977 4187 35,
991 4135 1017 4188 p.
1032 4116 1084 4186 256
1102 4133 1178 4186 supr.
1215 4115 1278 4170 The
1296 4112 1401 4182 gradus

250 4197 431 4267 adgnationis
444 4214 517 4253 were
533 4199 691 4256 calculated
704 4199 732 4255 in
745 4201 794 4256 the
807 4217 887 4256 same
899 4217 961 4270 way
974 4218 1005 4256 as
1018 4201 1100 4255 those
1115 4199 1148 4254 os
1156 4196 1317 4268 cognation,
1329 4195 1402 4250 each

250 4279 415 4352 generation
428 4297 460 4335 as
473 4297 527 4338 one
544 4283 647 4353 degree
659 4284 693 4338 of
705 4285 838 4353 removal,
852 4283 909 4339 Tit.
921 4284 947 4339 6.
961 4283 977 4339 8
991 4283 1040 4340 inf.
1078 4283 1136 4336 For
1151 4283 1201 4337 the
1217 4279 1402 4351 significance

251 4364 285 4418 ol
292 4363 341 4418 the
359 4362 522 4433 expression
536 4365 615 4420 ‘cum
628 4377 736 4422 certum
755 4383 819 4422 esse
836 4365 960 4436 coeperit
977 4367 1101 4438 aliquem
1120 4363 1285 4420 intestatum
1303 4363 1401 4418 deces-

252 4445 339 4502 sisse’
350 4463 399 4503 see
412 4463 449 4502 ou
463 4447 517 4504 Tit
535 4461 556 4504 1.
570 4461 586 4518 7
599 4465 673 4520 supr.
687 4449 745 4506 and
759 4451 814 4508 Mr.
829 4445 936 4507 Pos'te’s
948 4460 1015 4508 note
1028 4465 1066 4506 on
1079 4447 1169 4520 Gaius
1181 4446 1219 4504 iii.
1236 4460 1277 4518 13.
1343 4509 1347 4516 ,
