3078 5020
216 269 277 354 136
415 275 519 329 INST
517 274 565 329 IT
567 273 622 329 UT
621 273 768 329 IONUM
783 271 903 326 LIBRI
922 270 1159 343 QUATTUOR.
1268 270 1333 336 [Lib.
1346 275 1367 324 1.

213 440 340 518 suerint,
372 442 483 505 omnia
513 440 650 525 pristina
683 439 753 504 iura
783 437 952 522 recipiunt.
1001 437 1122 501 idcirco
1151 457 1300 500 reversus
1330 444 1367 499 et

213 545 333 610 liberos
362 545 499 609 habebit
528 545 562 608 in
593 553 768 627 potestate,
794 544 872 625 quia
900 540 1139 625 postliminium
1166 541 1261 624 fingit
1288 561 1366 604 eum

215 650 270 732 qui
286 658 402 733 captus
423 658 473 713 est
494 669 625 732 semper
639 648 673 711 in
694 647 826 712 civitate
841 645 959 710 fuisse:
978 647 1005 709 si
1026 666 1104 709 vero
1120 643 1165 708 ibi
1180 645 1367 722 decesserit,

216 752 346 830 exinde,
361 773 405 816 ex
426 773 493 835 quo
513 761 630 835 captus
651 760 702 815 est
723 760 827 834 pater,
844 749 930 813 filius
950 751 999 813 sui
1021 749 1097 812 iuris
1112 747 1212 812 fuisse
1226 748 1367 812 videtur.

214 857 286 939 ipse
298 875 429 939 quoque
445 855 530 919 filius
545 837 690 938 neposve
704 854 732 918 si
747 855 790 918 ab
805 852 954 917 hostibus
968 863 1085 936 captus
1097 852 1202 928 suerit,
1215 851 1368 916 similiter

215 961 355 1024 dicimus
377 969 511 1044 propter
525 961 575 1024 ius
597 959 791 1043 postliminii
813 959 862 1021 ius
882 977 1012 1040 quoque
1027 957 1201 1040 potestatis
1220 957 1367 1039 parentis

215 1065 249 1128 in
264 1085 423 1148 suspenso
446 1085 527 1128 esse.
574 1065 698 1128 dictum
715 1072 765 1126 est
781 1071 894 1126 autem
909 1061 1147 1144 postliminium
1166 1083 1186 1125 a
1203 1060 1318 1124 limine
1333 1070 1368 1124 et

214 1178 301 1252 post,
323 1177 360 1232 ut
382 1188 466 1245 eum,
486 1169 541 1250 qui
562 1167 605 1230 ab
628 1167 778 1230 hostibus
800 1175 916 1248 captus
938 1165 972 1228 in
994 1165 1077 1230 fines
1099 1172 1227 1228 nostros
1249 1173 1369 1248 postea

215 1271 373 1355 pervenit,
399 1271 604 1354 postliminio
631 1290 796 1335 reversum
822 1279 911 1334 recte
937 1269 1085 1333 dicimus.
1144 1287 1222 1331 nam
1253 1268 1369 1332 limina

215 1376 300 1440 sicut
320 1375 354 1438 in
370 1375 523 1438 domibus
544 1374 644 1438 finem
665 1375 831 1457 quendam
846 1373 978 1451 iaciunt,
998 1373 1044 1436 sic
1065 1381 1099 1436 et
1119 1373 1247 1456 imperii
1263 1372 1365 1436 finem

217 1478 318 1544 limen
341 1499 413 1543 esse
432 1489 561 1543 veteres
578 1479 758 1543 voluerunt
803 1478 879 1542 hinc
901 1487 935 1542 et
957 1478 1053 1540 limes
1073 1477 1181 1541 dictus
1200 1485 1251 1541 est
1273 1477 1369 1560 quasi

217 1583 291 1646 finis
313 1583 448 1665 quidam
471 1592 505 1647 et
527 1583 694 1648 terminus.
739 1583 782 1647 ab
806 1603 845 1646 eo
871 1581 1110 1666 postliminium
1132 1581 1268 1656 dictum,
1291 1581 1370 1664 quia

218 1687 337 1750 eodem
353 1687 466 1751 limine
484 1687 714 1761 revertebatur,
730 1707 796 1770 quo
811 1687 951 1751 amissus
967 1694 1047 1750 erat.
1078 1687 1136 1748 sed
1153 1695 1187 1750 et
1202 1686 1259 1768 qui
1274 1686 1370 1749 victis

188 1791 367 1856 ohostibus
390 1801 606 1876 recuperatur,
629 1791 832 1874 postliminio
851 1791 985 1855 rediisse
1008 1790 1225 1854 existimatur.
1272 1789 1371 1860 Prae·

218 1906 310 1960 terea
346 1896 608 1979 emancipatione
646 1916 778 1978 quoque
813 1895 969 1959 desinunt
1003 1893 1097 1958 liberi
1135 1894 1169 1957 in
1202 1903 1371 1977 potestate

218 2007 392 2082 parentum
421 2020 501 2065 esse.
539 2001 598 2064 sed
633 2019 672 2063 ea
702 1999 922 2082 emancipatio
948 2007 1046 2063 antea
1076 1998 1210 2080 quidem
1233 1998 1286 2062 vel
1311 2019 1372 2081 per

218 2103 390 2186 antiquam
420 2103 502 2186 legis
532 2105 795 2182 observationem
821 2103 1030 2187 procedebat,
1056 2123 1141 2185 quae
1170 2122 1229 2184 per
1255 2102 1373 2184 imagi·

220 2209 327 2274 narias
352 2209 559 2272 venditiones
590 2217 624 2272 et
654 2209 896 2273 intercedentes
923 2207 1195 2271 manumissiones
1224 2205 1372 2270 celebra-

219 2313 325 2391 batur,
339 2311 392 2376 vel
408 2333 452 2376 ex
469 2312 630 2396 imperiali
646 2312 813 2396 rescripto.
854 2321 967 2376 nostra
985 2321 1095 2375 autem
1114 2311 1321 2394 providentia
1338 2321 1373 2374 et

220 2569 354 2638 ordinary
366 2569 586 2625 circumstances
604 2568 696 2623 would
715 2569 788 2623 have
806 2568 879 2622 been
898 2567 1051 2636 destroyed
1069 2567 1119 2636 <by
1131 2565 1278 2637 captivity)
1298 2583 1373 2622 were

220 2653 328 2722 merely
340 2653 503 2724 suspended
521 2654 564 2708 for
583 2671 619 2708 an
639 2652 784 2708 indefinite
803 2651 881 2720 time,
899 2650 971 2706 until
990 2652 1038 2706 the
1057 2667 1227 2706 occurrence
1245 2650 1278 2706 of
1292 2667 1374 2706 some

221 2745 315 2792 event.
354 2737 380 2790 lt
393 2736 446 2790 has
459 2746 514 2791 two
527 2747 650 2806 aspects,
662 2735 775 2806 passive
793 2734 852 2790 and
864 2734 966 2790 active.
1005 2735 1038 2788 ln
1051 2735 1100 2788 the
1112 2734 1225 2803 former,
1238 2751 1256 2789 a
1268 2751 1373 2804 person

222 2817 376 2888 retuming‚
389 2835 421 2873 or
439 2836 457 2873 a
475 2818 556 2889 thing
568 2819 728 2888 recovered,
742 2818 815 2872 from
832 2817 968 2888 captivity
980 2816 1004 2873 is
1017 2818 1145 2873 restored
1163 2827 1193 2872 to
1212 2817 1261 2873 the
1279 2834 1375 2888 power

223 2901 252 2956 in
274 2900 366 2956 which
387 2903 424 2957 he
444 2919 477 2956 or
501 2902 522 2958 it
543 2920 600 2958 was
622 2901 753 2973 previous
773 2911 803 2956 to
824 2902 873 2957 the
896 2911 1030 2972 capture:
1050 2919 1074 2956 e.
1083 2918 1112 2970 g.
1129 2901 1188 2956 free
1206 2917 1326 2973 persons
1345 2901 1374 2956 in

222 3001 319 3057 power
338 2983 402 3054 (Bk.
415 2985 443 3040 ii.
460 3001 481 3041 1.
499 2999 529 3054 17
544 2985 613 3056 int),
632 2987 734 3055 slaves,
747 2985 823 3054 land,
838 2985 926 3055 ships,
938 2985 1046 3054 horses,
1065 2985 1123 3040 and
1135 2985 1234 3052 mules,
1249 2983 1317 3054 Dig.
1329 2999 1374 3054 49.

226 3081 266 3137 15.
281 3083 304 3123 a.
319 3082 335 3137 3
348 3069 406 3123 and
422 3084 462 3140 19.
478 3085 519 3140 10,
539 3069 598 3126 Cic.
611 3071 684 3140 Top.
698 3070 722 3124 8.
762 3070 795 3124 In
813 3068 849 3124 its
868 3068 960 3124 active
979 3079 1085 3139 aspect,
1099 3086 1116 3123 a
1128 3083 1232 3139 person
1245 3069 1309 3122 who
1321 3069 1375 3124 has

222 3153 296 3208 been
316 3151 345 3208 in
364 3153 501 3224 captivity
513 3170 643 3209 recovers
663 3153 700 3208 all
719 3151 763 3206 his
782 3151 913 3222 previous
926 3151 1025 3222 rights,
1037 3151 1176 3223 provided
1190 3150 1228 3221 (1)
1242 3152 1305 3206 that
1317 3151 1376 3206 this

223 3253 281 3292 was
300 3237 348 3292 the
367 3236 507 3293 intention
526 3238 559 3292 of
573 3237 618 3292 his
636 3246 740 3306 return,
762 3235 828 3305 Dig.
847 3250 889 3304 49
907 3247 947 3306 15.
963 3248 986 3305 5.
1000 3249 1034 3303 3:
1062 3234 1100 3304 (2)
1121 3236 1183 3291 that
1201 3235 1239 3291 he
1257 3234 1308 3290 did
1324 3245 1376 3290 not

224 3319 327 3390 desert,
338 3337 371 3375 or
382 3321 551 3390 voluntarily
560 3320 718 3389 surrender‚
728 3335 761 3373 or
773 3336 830 3374 was
843 3329 893 3373 not
906 3318 1094 3374 surrendered
1103 3318 1141 3388 by
1151 3319 1199 3374 the
1215 3328 1306 3374 state:
1327 3317 1375 3374 ie.

223 3403 261 3459 he
273 3413 349 3459 must
363 3403 436 3459 have
448 3405 522 3459 been
537 3404 614 3459 bona
630 3403 687 3457 fide
704 3395 840 3473 captured
853 3401 921 3456 with
939 3418 1016 3456 arms
1029 3400 1059 3456 in
1075 3401 1120 3457 his
1133 3401 1244 3456 hands:
1264 3401 1323 3457 and
1336 3401 1375 3472 (3)

224 3486 286 3540 that
305 3487 354 3542 the
373 3497 468 3542 return
487 3486 538 3541 did
555 3496 606 3542 not
624 3487 690 3542 take
707 3487 789 3556 place
808 3485 911 3554 during
922 3501 960 3540 an
972 3484 1124 3555 armistice,
1137 3484 1204 3554 Dig.
1217 3499 1262 3554 49.
1278 3497 1320 3555 15.
1335 3499 1377 3554 19.

229 3585 249 3624 1.
290 3571 324 3623 In
344 3569 441 3626 Gaius’
459 3569 528 3626 time
546 3571 595 3624 the
613 3580 694 3625 exact
707 3567 831 3639 position
846 3569 880 3623 ol
894 3568 1020 3624 children
1036 3569 1132 3624 whose
1150 3569 1243 3624 father
1260 3567 1330 3623 died
1348 3569 1376 3624 in

226 3650 363 3722 captivity
376 3669 433 3716 was
446 3663 497 3708 not
510 3652 632 3708 settled:
653 3651 774 3707 ‘sivero
792 3650 849 3707 illic
868 3661 995 3707 mortuus
1009 3650 1053 3720 sit,
1067 3660 1148 3707 erunt
1161 3651 1277 3722 quidem
1296 3651 1378 3708 liberi

226 3733 269 3788 sui
283 3733 359 3802 iuris,
372 3734 424 3788 sed
438 3745 531 3789 utrum
544 3752 579 3790 ex
590 3735 645 3789 hoc
659 3745 786 3806 tempore
799 3751 856 3806 quo
869 3744 995 3790 mortuus
1009 3743 1052 3790 est
1065 3734 1142 3804 apud
1153 3735 1252 3790 hostes
1265 3752 1378 3806 parens,

226 3833 263 3872 an
278 3833 312 3872 ex
331 3814 379 3871 illo
392 3833 449 3888 quo
468 3817 505 3873 ab
524 3817 652 3873 hostibus
669 3829 769 3888 captus
788 3828 840 3886 est,
853 3817 975 3872 dubitari
994 3827 1089 3889 potest
1101 3820 1108 3848 ’
1120 3817 1138 3873 i.
1155 3832 1211 3888 119
1249 3820 1313 3875 The
1330 3820 1379 3878 de-

226 3899 347 3955 rivation
365 3901 398 3954 os
413 3902 461 3958 the
474 3901 552 3965 word
570 3900 654 3971 given
668 3901 697 3957 in
710 3891 766 3958 this
780 3901 889 3958 section
902 3901 1061 3970 originated
1079 3901 1146 3957 with
1160 3903 1307 3972 Scaevola,
1320 3905 1380 3959 and

227 4001 285 4039 was
304 3983 441 4055 accepted
460 3984 498 4054 by
516 3985 628 4055 Festus,
648 3984 793 4055 Boethius,
812 3985 870 4040 and
891 3984 1026 4056 Isidorus,
1044 3984 1095 4042 but
1114 3985 1239 4057 rejected
1257 3986 1296 4056 by
1317 3987 1380 4043 Sul-

226 4065 326 4138 picius,
345 4065 404 4123 Cic.
417 4069 489 4136 Top.
503 4067 527 4122 8.

263 4150 321 4204 For
339 4151 387 4206 the
406 4165 540 4220 recovery
559 4149 591 4204 of
606 4149 651 4205 his
669 4151 757 4206 tutela
778 4150 817 4219 by
835 4167 853 4205 a
868 4159 944 4206 tutor
965 4151 1056 4206 under
1077 4152 1125 4207 the
1147 4150 1191 4208 ius
1212 4153 1379 4223 postliminii

227 4250 276 4288 see
288 4233 314 4286 T
315 4231 343 4287 it.
358 4247 401 4288 20.
415 4248 441 4290 2.
453 4232 500 4290 ini.
515 4252 524 4300 ;
541 4233 599 4289 and
611 4233 654 4289 for
667 4234 715 4290 the
728 4233 901 4305 application
914 4233 947 4288 os
956 4234 1004 4290 the
1017 4234 1146 4292 doctrine
1158 4245 1189 4292 to
1201 4245 1381 4307 testaments,

229 4317 280 4370 Bk.
295 4313 323 4368 ii.
340 4330 380 4370 12.
395 4329 409 4386 5
423 4313 471 4372 inf.

264 4399 278 4465 §
292 4401 320 4454 6.
341 4399 561 4471 Emancipation
572 4417 629 4457 was
639 4410 688 4457 not
696 4401 826 4458 effectual
835 4403 931 4459 unless
943 4402 1023 4459 three
1036 4401 1199 4458 conditione
1211 4419 1285 4460 were
1299 4403 1381 4461 satis-
