3078 5020
242 309 304 372 124
442 297 792 354 INSTITUTIONUM
811 299 930 354 LIBRI
950 298 1187 370 QUATTUOR.
1294 300 1359 366 [le.
1369 308 1390 355 l.

239 463 424 527 interventu
452 463 697 526 matrimonium
721 463 783 528 sibi
813 462 967 546 copulare
992 463 1172 528 secundum
1201 463 1318 528 datum
1344 485 1391 528 ex

238 567 475 632 constitutione
497 567 642 632 modum.

210 681 223 732 1
285 671 375 752 Ergo
395 691 460 734 non
483 691 598 736 omnes
622 671 718 736 nobis
744 691 865 736 uxores
888 671 1007 735 ducere
1029 669 1123 736 licet:
1154 692 1232 736 nam
1247 691 1391 754 quarun-

239 775 318 837 dam
334 776 457 856 nuptiis
472 775 704 839 abstinendum
728 784 788 839 est.
834 775 989 839 intereas
1011 776 1099 838 enim
1122 796 1288 858 personas,
1304 796 1391 858 quae

239 887 413 958 parentum
436 878 654 943 liberorumve
676 879 784 942 locum
810 880 894 943 inter
914 901 950 944 se
973 880 1133 961 optinent,
1154 880 1288 962 nuptiae
1311 899 1391 944 con-

238 979 323 1044 trahi
344 1001 410 1044 non
435 992 583 1064 possunt,
599 981 700 1045 veluti
721 983 805 1045 inter
828 991 956 1066 patrem
979 993 1012 1046 et
1036 981 1137 1046 filiam
1157 983 1211 1046 vel
1233 1003 1332 1046 avum
1355 995 1391 1048 et

239 1093 374 1166 neptem
392 1085 444 1150 vel
468 1095 607 1150 matrem
630 1095 664 1150 et
687 1085 791 1149 lilium
808 1087 861 1150 vel
883 1089 991 1150 aviam
1011 1096 1046 1150 et
1067 1097 1221 1170 nepotem
1237 1096 1270 1150 et
1286 1107 1391 1170 usque

238 1189 282 1253 ad
308 1189 490 1254 infinitum:
522 1199 556 1254 et
580 1191 607 1252 si
630 1189 714 1255 tales
737 1211 896 1273 personae
917 1191 1002 1254 inter
1023 1211 1060 1254 se
1082 1190 1227 1268 coierint,
1250 1190 1391 1256 nefarias

239 1302 339 1374 atque
355 1297 498 1359 incestas
513 1296 646 1377 nuptias
664 1296 870 1359 contraxisse
892 1296 1053 1359 dicuntur.
1097 1304 1131 1358 et
1146 1293 1227 1358 haec
1242 1294 1328 1358 adeo
1344 1295 1391 1358 ita

240 1406 325 1476 sunt,
340 1408 385 1474 ut,
402 1400 552 1479 quamvis
574 1419 633 1480 per
655 1400 869 1482 adoptionem
889 1409 1061 1480 parentum
1080 1397 1297 1462 liberorumve
1316 1397 1391 1462 loco

238 1501 300 1564 sibi
324 1521 396 1566 esse
418 1504 593 1584 coeperint,
612 1523 678 1566 non
699 1503 828 1585 possint
850 1505 935 1568 inter
952 1524 987 1567 se
1010 1503 1221 1566 matrimonio
1243 1503 1333 1584 iungi
1357 1502 1390 1566 in

239 1613 379 1684 tantum,
405 1615 443 1669 ut
470 1608 571 1670 etiam
602 1607 763 1672 dissoluta
795 1608 974 1690 adoptione
1009 1607 1097 1670 idem
1129 1607 1205 1670 iuris
1236 1615 1391 1670 maneat:

239 1709 351 1792 itaque
381 1731 464 1789 eam,
481 1731 570 1793 quae
595 1711 655 1776 tibi
682 1731 741 1794 per
767 1711 981 1792 adoptionem
1006 1709 1074 1774 filia
1099 1719 1156 1774 aut
1187 1711 1295 1794 neptis
1319 1731 1392 1774 esse

239 1814 391 1895 coeperit,
419 1835 484 1878 non
515 1817 638 1898 poteris
668 1835 806 1879 uxorem
841 1816 968 1895 ducere,
992 1815 1142 1898 quamvis
1172 1834 1246 1878 earn
1278 1835 1391 1878 eman-

239 1919 408 2001 cipaveris.

208 2026 225 2080 2
284 2022 375 2086 Inter
393 2043 449 2087 eas
472 2043 604 2106 quoque
624 2043 791 2106 personas,
814 2045 899 2106 quae
923 2043 967 2087 ex
988 2033 1173 2087 transverso
1192 2023 1297 2106 gradu
1313 2043 1391 2106 cog-

239 2126 381 2192 nationis
406 2128 591 2212 iunguntur,
614 2137 666 2192 est
689 2129 854 2210 quaedam
880 2127 994 2191 similis
1021 2127 1215 2206 observatio,
1238 2129 1297 2191 sed
1325 2147 1391 2191 non

239 2241 342 2296 tanta.
382 2253 462 2296 sane
478 2235 566 2297 enim
581 2235 666 2295 inter
679 2231 813 2296 fratrem
829 2252 1039 2314 sororemque
1054 2233 1189 2314 nuptiae
1205 2231 1393 2314 prohibitae

238 2345 323 2412 sunt,
340 2337 408 2400 sive
428 2337 471 2400 ab
493 2339 611 2401 eodem
634 2347 728 2420 patre
750 2337 934 2418 eademque
959 2345 1063 2399 matre
1087 2335 1156 2399 nati
1176 2335 1305 2412 luerint,
1322 2337 1393 2399 sive

239 2459 283 2502 ex
299 2439 455 2504 alterutro
471 2461 592 2505 eorum.
635 2439 693 2503 sed
710 2441 737 2502 si
753 2461 818 2522 qua
834 2461 892 2522 per
906 2439 1120 2523 adoptionem
1138 2459 1229 2502 soror
1243 2439 1304 2503 tibi
1319 2459 1392 2502 esse

239 2545 393 2626 coeperit,
417 2545 573 2626 quamdiu
596 2545 731 2627 quidem
756 2553 886 2608 constat
912 2544 1056 2626 adoptio
1084 2563 1163 2608 sane
1187 2543 1274 2607 inter
1296 2553 1331 2608 te
1357 2553 1393 2608 et

239 2667 314 2710 earn
337 2648 470 2731 nuptiae
494 2649 672 2714 consistere
694 2669 761 2711 non
785 2657 941 2731 possunt:
969 2667 1043 2712 cum
1066 2667 1143 2710 vero
1167 2667 1226 2730 per
1248 2648 1393 2710 emanci-

240 2752 408 2832 pationem
431 2753 566 2836 adoptio
589 2753 750 2818 dissoluta
772 2754 823 2830 sit,
845 2753 969 2836 poteris
992 2771 1066 2814 eam
1090 2771 1230 2814 uxorem
1253 2751 1391 2814 ducere:

240 2857 298 2918 sed
316 2868 349 2920 et
365 2858 392 2921 si
407 2866 443 2920 tu
461 2857 687 2940 emancipatus
707 2857 813 2935 fueris,
828 2855 908 2919 nihil
930 2865 980 2920 est
1000 2856 1239 2937 impedimento
1259 2856 1391 2938 nuptiis.

241 2969 275 3024 et
297 2961 373 3024 ideo
397 2971 536 3038 constat,
558 2963 585 3025 si
609 2961 682 3044 quis
702 2981 859 3044 generum
884 2959 1044 3042 adoptare
1063 2959 1152 3038 velit,
1170 2960 1293 3023 debere
1315 2980 1391 3023 eum

240 3074 318 3128 ante
334 3063 435 3128 filiam
451 3086 543 3129 suam
561 3067 786 3148 emancipare:
811 3075 844 3128 et
862 3065 889 3128 si
905 3064 978 3147 quis
994 3063 1073 3128 velit
1089 3084 1205 3127 nurum
1219 3065 1391 3147 adoptare,

210 3176 227 3230 3
241 3169 363 3233 debere
379 3189 453 3232 curn
469 3179 547 3234 ante
563 3169 665 3233 filium
686 3171 902 3252 emancipare.
948 3169 1071 3232 Fratris
1086 3167 1138 3232 vel
1153 3167 1272 3232 sororis
1288 3168 1392 3232 filiam

240 3341 277 3394 de
297 3339 384 3394 lundo
407 3340 503 3408 dotali,
517 3339 582 3394 with
604 3338 769 3410 Justinian’s
790 3339 989 3394 amendments
1010 3339 1073 3414 (Blr.
1091 3337 1117 3393 ii.
1136 3339 1161 3394 8.
1174 3355 1214 3408 pr.
1229 3337 1298 3406 ini),
1318 3356 1392 3394 were

240 3423 367 3480 directed
379 3433 409 3479 to
421 3425 470 3479 the
483 3441 563 3478 same
576 3440 705 3494 purpose.
740 3424 798 3478 For
807 3422 863 3478 this
874 3423 964 3478 whole
977 3421 1086 3491 subject
1099 3439 1147 3478 see
1161 3422 1206 3478 Sir
1220 3423 1257 3476 H.
1271 3421 1392 3478 Maine’s

240 3509 357 3578 chapter
369 3525 406 3562 on
424 3509 472 3563 the
485 3507 593 3577 history
606 3507 638 3561 ol
653 3508 703 3562 the
719 3507 823 3562 settled
841 3517 974 3577 property
987 3507 1019 3561 os
1034 3506 1156 3562 married
1169 3523 1287 3575 women,
1301 3505 1330 3560 in
1342 3507 1393 3562 the

241 3592 327 3659 Early
340 3590 458 3659 History
468 3591 501 3643 of
511 3589 688 3644 Institutions
701 3609 708 3656 ;
727 3589 785 3645 and
798 3590 841 3644 ior
853 3591 901 3646 the
914 3599 1094 3660 counterpart
1107 3589 1207 3658 nidos,
1217 3589 1264 3645 the
1275 3588 1393 3645 donatio

240 3682 307 3726 ante
319 3689 352 3726 or
364 3683 479 3741 propter
490 3671 612 3741 nuptias,
627 3672 680 3726 Bk.
693 3671 720 3728 ii.
734 3685 758 3740 7.
773 3688 797 3742 3,
811 3672 869 3727 and
881 3683 971 3742 notes,
984 3672 1031 3727 ini.

277 3752 291 3824 §
306 3757 328 3808 1.
350 3754 421 3808 This
440 3755 497 3809 and
512 3757 560 3810 the
577 3755 720 3824 following
739 3756 862 3812 sections
882 3756 997 3812 contain
1011 3756 1060 3811 the
1076 3757 1151 3810 rules
1171 3755 1203 3810 of
1212 3757 1325 3810 Roman
1339 3757 1392 3810 law

240 3837 414 3908 prohibiting
438 3839 545 3894 certain
568 3837 722 3910 marriages
748 3857 785 3894 on
805 3841 853 3896 the
874 3840 985 3911 ground
1004 3839 1036 3894 oi
1050 3838 1165 3909 kinship
1189 3839 1318 3895 between
1342 3840 1393 3894 the

240 3922 352 3992 parties.
392 3923 418 3978 It
437 3921 492 3976 will
511 3923 547 3978 be
567 3923 706 3979 observed
725 3925 786 3979 that
806 3925 939 3994 adoptive
956 3941 1013 3978 was
1029 3941 1061 3978 as
1081 3923 1210 3978 effectual
1228 3939 1261 3978 as
1280 3924 1393 3978 natural

240 4005 424 4077 relationship
444 4015 473 4062 to
492 4007 544 4061 bar
562 4009 632 4062 such
651 4007 772 4076 unions;
794 4007 852 4062 and
871 4009 919 4063 the
938 4024 1017 4062 same
1036 4006 1197 4076 incapacity
1215 4005 1341 4061 resulted
1362 4005 1392 4061 iu

238 4089 402 4160 Justinian’s
416 4089 484 4144 time
498 4091 581 4160 (Cod.
597 4103 620 4160 5.
634 4106 659 4158 4
674 4090 719 4160 26)
733 4091 805 4145 from
819 4090 966 4159 ‘cognatio
986 4090 1156 4161 spiritualis,'
1169 4090 1217 4145 the
1229 4089 1350 4145 relation
1363 4089 1397 4144 oi

238 4173 396 4242 godparent
415 4173 473 4228 and
490 4173 633 4243 godehild,
647 4175 703 4228 and
722 4185 752 4230 to
771 4192 788 4230 a
807 4174 863 4229 still
882 4176 974 4245 larger
992 4175 1095 4243 degree
1114 4173 1204 4230 under
1222 4175 1271 4228 the
1292 4175 1393 4228 Canon

241 4257 325 4325 Law;
344 4274 392 4312 see
411 4273 490 4312 some
509 4257 636 4314 remarks
655 4258 687 4313 oi
702 4257 748 4314 Sir
762 4260 798 4314 H.
815 4257 920 4329 Maine,
935 4259 1022 4328 Early
1037 4258 1155 4328 History
1168 4257 1201 4312 oi
1212 4256 1392 4311 Institutions

239 4357 268 4409 p.
281 4355 334 4406 240
346 4357 386 4410 sq.

276 4423 331 4490 §a
350 4422 439 4479 Gaius
450 4424 486 4494 (1.
495 4424 529 4480 62
541 4444 549 4492 ;
568 4425 602 4482 ci.
613 4427 680 4481 Tac.
691 4427 765 4482 Ann.
780 4441 818 4481 12.
832 4439 855 4497 5.
867 4437 891 4496 7,
906 4423 1065 4494 Suetonius,
1077 4423 1176 4480 Claud.
1190 4423 1235 4494 26)
1249 4439 1316 4494 says
1329 4423 1393 4480 that
