3176 5022
215 307 280 396 360
419 313 769 372 INSTITUTIONUM
785 312 905 370 LIBRI
923 309 1158 387 QUATTUOR.
1244 312 1365 380 [than.

215 499 277 547 suo
291 480 413 548 herede
428 481 551 548 relict0.
589 479 700 565 itaque
721 479 880 546 intestato
899 499 1031 563 quoque
1050 488 1180 544 mortuo
1194 473 1320 556 libert0,
1335 476 1363 541 si

215 586 243 650 is
262 579 362 651 ¹suurn
384 586 541 651 heredem
565 586 758 670 reliquisset,
780 584 861 649 nihil
883 585 917 647 in
940 585 1036 649 bonis
1059 585 1129 648 eius
1150 591 1290 665 patrono
1312 582 1362 645 ius

215 699 294 756 erat.
343 699 377 755 et
406 690 433 755 si
463 691 599 773 quidem
629 710 674 754 ex
707 688 912 752 naturalibus
947 688 1057 752 liberis
1092 685 1236 769 aliquem
1266 703 1361 750 suum

213 793 370 858 heredem
386 794 579 878 reliquisset,
592 792 682 856 nulla
691 792 865 857 videbatur
875 791 1040 874 querella:
1061 792 1087 854 si
1098 811 1177 854 vero
1187 789 1363 871 adoptivus

214 896 301 961 filius
321 906 416 974 esset,
435 907 549 982 aperte
569 897 718 981 iniquum
739 907 810 961 erat
832 895 913 959 nihil
933 896 1011 959 iuris
1028 903 1168 978 patrono
1183 911 1361 976 superesse.

186 998 293 1084 lQua
318 1001 361 1066 de
390 1021 490 1066 causa
518 1011 636 1086 postea
661 999 822 1083 praetoris
852 1000 962 1063 edicto
991 999 1073 1062 haec
1102 997 1180 1061 iuris
1208 995 1362 1078 iniquitas

214 1107 392 1171 emendata
408 1115 468 1172 est.
505 1107 573 1170 sive
589 1107 678 1170 enim
693 1103 834 1168 faciebat
852 1111 1091 1168 testamentum
1110 1101 1255 1178 libertus,
1271 1101 1361 1164 iube·

213 1210 313 1274 batur
327 1211 375 1275 ita
385 1209 508 1288 testari,
520 1219 557 1274 ut
573 1219 714 1298 patronp
726 1217 854 1291 partem
866 1207 1039 1272 dimidiam
1051 1207 1212 1270 bonorum
1227 1223 1361 1269 suorum

214 1313 428 1397 relinqueret:
451 1314 523 1378 etsi
536 1323 594 1378 aut
609 1311 689 1377 nihil
701 1321 759 1375 aut
775 1311 882 1374 minus
894 1311 997 1392 partis
1008 1309 1165 1375 dimidiae
1176 1308 1362 1391 reliquerat,

214 1416 357 1481 dabatur
370 1427 512 1500 patrono
527 1425 643 1482 contra
656 1415 788 1481 tabulas
804 1415 994 1480 testamenti
1012 1416 1113 1498 partis
1129 1415 1286 1478 dimidiae
1301 1414 1361 1476 bo·

214 1541 332 1584 norum
356 1521 531 1603 possessio.
575 1519 602 1583 si
626 1539 705 1583 vero
731 1519 907 1584 intestatus
934 1519 1134 1583 moriebatur
1157 1539 1216 1582 suo
1239 1517 1361 1581 herede

213 1624 328 1689 relicto
358 1621 427 1688 filio
456 1625 624 1708 adoptivo,
655 1623 798 1688 dabatur
826 1644 932 1706 aeque
961 1633 1102 1706 patrono
1132 1631 1246 1687 contra
1274 1620 1361 1688 hunc

162 1735 165 1752 '
214 1748 309 1795 suum
329 1727 486 1793 heredem
508 1729 610 1812 partis
633 1729 791 1793 dimidiae
812 1729 976 1792 bonorum
993 1727 1166 1810 possessio.
1204 1727 1361 1810 prodesse

212 1843 327 1898 autem
348 1833 467 1897 liberto
490 1833 642 1898 solebant
666 1834 708 1896 ad
732 1831 978 1897 excludendum
998 1841 1174 1915 patronum
1197 1831 1361 1894 naturales

213 1936 317 2014 liberi,
333 1957 399 2001 non
422 1937 529 2001 solum
545 1957 629 2020 quos
651 1937 684 1999 in
707 1945 875 2020 potestate
897 1936 1012 2000 mortis
1033 1943 1183 2018 tempore
1205 1934 1359 2011 habebat,

213 2041 271 2105 sed
288 2041 387 2105 etiam
404 2042 601 2125 emancipati
614 2051 648 2106 et
663 2041 696 2104 in
712 2039 926 2124 adoptionem
942 2039 1020 2118 dati,
1033 2039 1059 2104 si
1076 2039 1177 2102 modo
1192 2059 1236 2102 ex
1252 2037 1361 2121 aliqua

212 2155 308 2227 parte
329 2145 467 2211 heredes
489 2145 600 2229 scripti
624 2155 717 2210 erant
736 2155 795 2210 aut
817 2145 984 2228 praeteriti
1007 2151 1122 2208 contra
1145 2143 1276 2209 tabulas
1301 2143 1362 2207 bo·

214 2269 331 2313 norum
361 2249 603 2333 possessionem
633 2271 678 2313 ex
707 2250 817 2314 edicto
847 2249 1030 2332 petierant:
1063 2267 1141 2312 nam
1168 2247 1361 2311 exheredati

182 2363 200 2416 2
214 2353 304 2417 nullo
319 2354 420 2417 modo
436 2353 640 2436 repellebant
655 2363 843 2437 patronum.
879 2353 999 2416 Postea
1014 2351 1088 2434 lege
1104 2351 1206 2434 Papia
1219 2351 1361 2414 adaucta

213 2465 290 2519 sunt
316 2457 386 2520 iura
415 2467 641 2540 patronorum,
671 2457 727 2539 qui
757 2456 987 2541 locupletiores
1017 2455 1153 2520 libertos
1181 2454 1359 2521 habebant

213 2569 346 2623 cautum
369 2569 420 2624 est
443 2561 539 2634 enim,
560 2569 598 2624 ut
620 2582 664 2624 ex
687 2561 783 2626 bonis
806 2562 885 2636 eius,
905 2561 961 2644 qui
980 2561 1205 2625 sestertiorum
1227 2569 1360 2625 centum

213 2662 352 2725 millium
368 2665 603 2746 patrimonium
619 2663 785 2747 reliquerit
803 2675 838 2729 et
856 2665 1025 2748 pauciores
1040 2685 1141 2748 quam
1156 2674 1222 2728 tres
1240 2663 1361 2728 liberos

211 2765 365 2842 habebat,
386 2769 454 2832 sive
474 2769 502 2830 is
521 2777 723 2832 testamento
743 2768 831 2833 lacto
851 2769 920 2832 sive
941 2770 1099 2833 intestato
1117 2777 1265 2832 mortuus
1281 2779 1360 2847 erat,

211 2869 314 2934 virilis
343 2891 420 2953 pars
449 2881 590 2953 patrono
620 2871 813 2936 debebatur.
873 2873 984 2954 itaque
1017 2892 1092 2936 cum
1122 2891 1225 2934 unum
1255 2872 1360 2936 filium

213 2972 357 3037 filiamve
385 2972 543 3038 heredem
574 2974 741 3057 reliquerit
775 2973 922 3054 libertus,
951 2975 1089 3058 perinde
1119 2995 1194 3058 pars
1224 2976 1361 3041 dimidia

212 3085 351 3160 patrono
370 3077 565 3154 debebatur,
583 3098 622 3142 ac
645 3079 672 3140 si
695 3079 723 3141 is
746 3079 817 3142 sine
839 3078 906 3143 ullo
927 3077 995 3142 filio
1018 3077 1126 3142 filiave
1146 3079 1360 3144 decessisset:

212 3201 287 3244 cum
312 3183 396 3246 duos
421 3183 546 3246 duasve
576 3181 714 3246 heredes
741 3181 925 3264 reliquerat,
950 3183 1048 3245 tertia
1070 3202 1147 3266 pars
1176 3181 1361 3247 debebatur

181 3295 371 3368 spatr0n0:
396 3286 423 3348 si
439 3295 507 3349 tres
522 3285 707 3368 reliquerat,
724 3285 944 3368 repellebatur
955 3295 1121 3368 patronus.
1164 3285 1232 3350 Sed
1249 3296 1360 3352 nostra

211 3389 412 3464 constitutio
438 3408 539 3470 quam
562 3408 623 3471 pro
647 3388 796 3451 omnium
821 3388 956 3452 notione
980 3387 1107 3452 Graeca
1133 3388 1245 3471 lingua
1271 3411 1360 3455 com·

210 3492 372 3575 pendioso
393 3499 535 3554 tractatu
558 3491 673 3555 habito
697 3491 951 3573 composuimus,
966 3492 1013 3556 ita
1032 3491 1221 3556 huiusmodi
1243 3515 1360 3558 causas

211 3593 369 3672 definivit,
384 3603 421 3656 ut
442 3593 469 3655 si
490 3593 624 3674 quidem
644 3593 780 3658 libertus
794 3594 846 3658 vel
868 3595 986 3660 liberta
1004 3595 1146 3658 minores
1166 3597 1360 3661 centenariis

213 3698 288 3772 sint,
302 3695 335 3758 id
352 3705 402 3758 est
419 3695 526 3758 minus
541 3705 674 3759 centum
687 3697 793 3760 aureis
808 3697 954 3762 habeant
969 3699 1187 3762 substantiam
1200 3695 1259 3786 (sic
1272 3703 1359 3766 enim

210 3799 293 3882 legis
316 3798 439 3880 Papiae
461 3818 625 3862 summam
652 3800 855 3882 interpretati
882 3823 1005 3878 sumus,
1030 3812 1067 3867 ut
1093 3825 1153 3886 pro
1179 3805 1269 3870 mille
1292 3827 1360 3870 ses·

211 3904 317 3967 tertiis
328 3923 412 3966 unus
427 3922 545 3966 aureus
557 3901 789 3990 computetur),
802 3905 928 3968 nullum
941 3905 1048 3970 locum
1064 3906 1187 3972 habeat
1202 3919 1359 3990 patronus

244 4177 305 4230 'fin
317 4176 392 4229 vn.
407 4171 421 4244 ᾗ
435 4176 463 4228 2.
484 4174 540 4228 For
558 4174 606 4229 the
625 4173 753 4229 effectos
767 4175 816 4230 the
832 4175 876 4230 lex
894 4175 982 4245 Papia
996 4177 1129 4247 Poppaea
1147 4194 1185 4232 on
1203 4179 1252 4233 the
1270 4177 1359 4248 rights

210 4257 243 4310 of
251 4269 388 4325 patronae
398 4257 455 4311 and
466 4256 540 4312 filiae
552 4256 663 4327 patroni
677 4275 725 4312 see
739 4259 793 4312 Mr.
806 4259 913 4313 Poste’s
926 4269 994 4314 note
1006 4277 1044 4314 on
1054 4260 1143 4315 Gaius
1155 4259 1193 4316 iii.
1209 4275 1249 4330 54
1279 4263 1359 4320 Pr.-2

209 4337 241 4394 oi
250 4338 306 4393 this
319 4339 393 4394 Title
404 4339 576 4409 correspond
588 4339 655 4394 with
669 4339 757 4395 Gaius
770 4339 807 4394 iii.
821 4355 916 4410 39·4²·

246 4419 260 4494 §
280 4425 306 4477 3.
334 4423 395 4478 The
413 4421 595 4478 constitution
614 4423 737 4479 referred
755 4432 794 4493 to,
811 4423 902 4480 which
920 4424 944 4481 is
964 4424 992 4481 in
1011 4425 1081 4482 Cod.
1094 4425 1122 4481 6.
1135 4440 1161 4494 4.
1173 4439 1199 4496 4,
1212 4425 1359 4486 abolished
