3078 5020
240 358 302 426 134
438 346 541 402 INST
540 346 588 401 ΙΤ
590 346 646 401 UT
643 345 788 401 IONUM
806 343 926 398 LIBRI
944 342 1180 414 QUATTUOR.
1291 345 1357 412 [ιὼ.
1370 351 1394 400 1.

238 512 485 577 distinctionem
500 511 624 594 recipit.
669 531 746 574 nam
768 519 899 574 mortuo
919 519 1012 593 patre
1028 529 1107 574 sane
1122 509 1314 573 omnimodo
1330 507 1391 572 filii

238 617 367 681 filiaeve
388 617 437 680 sui
458 615 534 679 iuris
553 615 745 680 efficiuntur.
783 623 912 677 mortuo
931 633 1009 676 vero
1030 634 1092 677 avo
1114 633 1179 676 non
1195 614 1391 678 omnimodo

238 733 377 806 nepotes
398 730 579 802 neptesque
599 720 649 783 sui
672 719 749 782 iuris
772 716 864 796 fiunt,
883 719 942 782 sed
963 717 1020 794 ita,
1036 718 1063 781 si
1082 727 1157 801 post
1179 727 1320 781 mortem
1336 719 1390 782 avi

239 828 273 889 in
289 834 490 908 potestatem
506 824 610 907 patris
625 822 673 888 sui
695 823 834 886 recasuri
850 842 915 885 non
931 831 1024 886 sunt:
1048 821 1159 903 itaque
1179 821 1206 884 si
1227 823 1391 886 moriente

238 949 301 992 avo
324 937 419 1011 pater
441 948 553 990 eorum
577 937 610 990 et
632 927 713 990 vivit
736 933 769 989 et
793 926 825 988 in
848 934 1013 1009 potestate
1035 925 1136 1008 patris
1158 924 1208 987 sui
1231 934 1290 1002 est,
1310 935 1390 990 tunc

238 1044 315 1116 post
337 1033 465 1097 obitum
487 1033 539 1095 avi
558 1031 590 1093 in
610 1031 713 1113 patris
736 1031 785 1094 sui
808 1039 975 1112 potestate
997 1028 1098 1094 fiunt:
1122 1029 1148 1092 si
1171 1049 1249 1092 vero
1270 1031 1306 1108 is,
1322 1051 1390 1112 quo

238 1147 388 1220 tempore
410 1157 491 1199 avus
514 1135 658 1214 moritur,
672 1143 730 1198 aut
753 1134 819 1198 iam
842 1144 990 1199 mortuus
1011 1143 1061 1198 est
1083 1143 1140 1198 aut
1163 1133 1246 1198 exiit
1265 1133 1308 1197 de
1328 1155 1390 1217 po·

239 1249 362 1305 testate
388 1240 499 1322 patris,
526 1249 605 1303 tunc
627 1238 672 1314 hi,
697 1238 774 1321 quia
802 1238 835 1300 in
859 1246 1059 1320 potestatem
1084 1237 1153 1300 eius
1180 1237 1297 1301 cadere
1320 1257 1389 1302 non

208 1353 385 1429 1possunt,
401 1343 449 1407 sui
468 1343 546 1406 iuris
561 1341 653 1408 fiunt.
699 1341 783 1406 Cum
804 1352 916 1406 autem
940 1342 975 1418 is,
990 1343 1046 1424 qui
1066 1341 1110 1404 ob
1130 1341 1264 1424 aliquod
1287 1341 1391 1406 male·

239 1449 349 1513 ficium
374 1449 407 1510 in
432 1445 572 1510 insulam
595 1447 797 1530 deportatur,
823 1445 990 1510 civitatem
1016 1445 1147 1522 amittit,
1173 1445 1321 1527 sequitur
1342 1455 1389 1524 ut,

239 1553 316 1636 quia
332 1573 372 1616 eo
388 1551 488 1614 modo
505 1571 548 1614 ex
565 1571 701 1614 numero
719 1551 839 1614 civium
859 1549 1086 1614 Romanorum
1102 1547 1235 1626 tollitur,
1252 1549 1390 1632 perinde

239 1656 306 1720 acsi
334 1663 464 1718 mortuo
486 1675 527 1717 eo
549 1655 701 1718 desinant
727 1652 820 1717 liberi
847 1653 880 1716 in
906 1661 1073 1736 potestate
1096 1653 1165 1716 eius
1188 1673 1269 1716 esse.
1317 1653 1389 1736 pari

241 1761 368 1824 ratione
390 1768 424 1820 et
446 1757 473 1821 si
496 1757 533 1836 is,
551 1757 607 1840 qui
630 1759 662 1821 in
685 1765 852 1840 potestate
874 1757 1019 1839 parentis
1042 1757 1092 1834 sit,
1115 1757 1149 1818 in
1168 1756 1308 1820 insulam
1329 1758 1389 1821 de-

239 1871 390 1948 portatus
412 1861 516 1937 suerit,
538 1861 659 1925 desinit
682 1862 715 1924 in
733 1869 900 1943 potestate
920 1861 1066 1943 parentis
1087 1879 1166 1925 esse.
1211 1861 1270 1924 sed
1294 1862 1321 1924 si
1344 1883 1390 1926 ex

240 1966 444 2050 indulgentia
470 1965 640 2049 principali
667 1965 808 2029 restituti
835 1963 963 2043 suerint,
989 1984 1048 2047 per
1077 1965 1189 2028 omnia
1214 1965 1390 2047 pristinum

239 2203 307 2260 iuris
320 2221 357 2258 on
371 2205 420 2259 the
427 2203 632 2274 grandfathers
645 2201 741 2268 death,
751 2199 775 2254 if
784 2199 857 2256 their
869 2217 932 2254 own
941 2200 1032 2255 father
1042 2199 1065 2255 is
1075 2200 1104 2254 in
1114 2201 1162 2255 the
1172 2217 1251 2256 same
1261 2211 1390 2271 potestas

240 2287 306 2342 with
320 2289 407 2356 them,
420 2297 495 2342 must
514 2287 551 2341 be
570 2283 703 2356 qualified
721 2284 760 2354 by
773 2285 847 2338 what
859 2284 913 2338 has
925 2283 998 2338 been
1017 2283 1080 2338 said
1093 2284 1183 2338 above
1196 2301 1233 2338 on
1247 2283 1303 2340 Tit.
1319 2300 1358 2340 11.
1373 2286 1390 2340 8

240 2371 268 2424 in
282 2370 444 2440 remarking
456 2387 532 2441 upon
548 2369 612 2439 Dig.
630 2383 650 2423 1.
665 2381 690 2435 7.
703 2383 746 2435 41.

275 2455 289 2521 ὅ
304 2457 327 2509 L
350 2456 384 2509 In
397 2455 445 2509 the
459 2455 528 2509 time
545 2451 578 2506 ol
593 2449 682 2507 Gaius
697 2449 724 2520 (i.
743 2451 803 2518 128)
817 2449 1037 2507 condemnation
1051 2460 1081 2506 to
1094 2451 1151 2506 loss
1164 2450 1197 2505 ol
1208 2449 1308 2506 civitas
1321 2451 1390 2506 took

238 2537 287 2593 the
309 2537 381 2592 lorm
401 2537 433 2590 of
451 2553 543 2608 aquae
563 2548 590 2592 et
613 2535 686 2604 ignis
706 2534 875 2603 interdictio,
894 2534 985 2589 which
1004 2533 1154 2604 originally
1171 2551 1229 2589 was
1247 2535 1354 2603 merely
1372 2553 1391 2590 a

239 2621 349 2676 solemn
365 2620 563 2675 confirmation
582 2619 615 2673 os
630 2619 778 2689 voluntary
790 2618 862 2673 exile
875 2617 913 2688 by
926 2618 1017 2672 which
1036 2635 1073 2673 an
1092 2618 1215 2674 accused
1228 2617 1297 2673 civis
1310 2618 1391 2674 with-

239 2705 315 2759 drew
325 2703 442 2757 himself
450 2703 522 2757 from
536 2721 554 2758 a
566 2701 695 2758 criminal
708 2701 897 2773 prosecution,
907 2701 965 2756 and
978 2703 1044 2772 only
1054 2703 1256 2774 subsequently
1266 2719 1346 2757 came
1360 2713 1391 2757 to

238 2788 275 2841 be
288 2787 367 2855 used,
377 2796 457 2855 apart
471 2786 542 2840 from
555 2785 625 2854 that,
639 2801 670 2839 as
684 2803 701 2840 a
714 2785 786 2840 form
799 2786 832 2840 of
840 2785 1022 2856 punishment
1034 2806 1042 2852 ;
1061 2803 1109 2841 see
1124 2785 1194 2855 Livy
1204 2801 1219 2840 2
1223 2799 1246 2855 5.
1256 2801 1274 2852 4
1286 2806 1293 2852 ς
1312 2785 1355 2840 26.
1364 2801 1390 2855 3,

240 2869 298 2924 Cic.
313 2886 364 2939 pro
379 2870 461 2924 Caec.
476 2883 517 2936 35
532 2883 575 2937 34.
612 2868 693 2923 Alter
710 2869 799 2924 Gaius
818 2867 839 2923 it
857 2869 976 2924 became
990 2885 1068 2924 more
1081 2869 1163 2924 usual
1179 2879 1209 2924 to
1224 2867 1312 2924 inflict
1331 2869 1390 2923 loss

238 2953 272 3007 of
286 2951 385 3006 civitas
398 2953 436 3020 by
449 2949 608 3022 deportatio
625 2950 654 3005 in
673 2951 804 3021 insulam,
818 2969 835 3007 a
848 2962 982 3008 sentence
1001 2951 1034 3006 of
1049 2951 1230 3007 banishment
1244 2953 1287 3007 sor
1299 2951 1346 3007 lise
1359 2963 1390 3007 to

239 3035 329 3091 either
347 3051 383 3089 an
403 3035 496 3090 island
508 3052 541 3090 or
553 3051 632 3090 some
645 3035 777 3091 confined
794 3051 879 3107 space
898 3053 935 3091 on
954 3036 1003 3091 the
1022 3035 1176 3105 mainland,
1191 3035 1257 3106 Dig.
1271 3049 1313 3104 32.
1331 3051 1389 3106 ny

240 3119 429 3190 Deportation
448 3119 480 3174 of
494 3118 585 3174 either
602 3117 678 3172 child
701 3135 733 3172 or
755 3119 848 3174 father
865 3130 915 3190 put
933 3137 970 3174 an
990 3119 1047 3175 end
1066 3130 1095 3174 to
1113 3130 1249 3190 potestas,
1266 3119 1390 3176 because

240 3203 305 3274 (Tit.
320 3219 346 3274 9.
360 3219 375 3258 2
389 3203 476 3274 supr.)
497 3202 556 3257 ‘ius
576 3201 726 3271 potestatis
748 3202 893 3274 proprium
915 3213 958 3258 est
981 3203 1084 3258 civium
1105 3204 1299 3258 Romanorum
1312 3205 1330 3258 τ’
1351 3203 1390 3272 by

238 3289 331 3359 losing
350 3287 395 3342 his
416 3287 515 3342 civitas
535 3287 584 3341 the
606 3285 683 3340 child
701 3287 756 3341 lost
774 3286 819 3341 his
838 3286 969 3357 capacity
989 3287 1021 3341 os
1038 3285 1126 3357 being
1143 3287 1172 3341 in
1191 3297 1326 3358 potestas,
1341 3287 1390 3342 the

238 3373 331 3427 father
343 3373 404 3426 that
418 3372 451 3424 os
459 3369 617 3440 exercising
629 3369 658 3425 it.
698 3369 731 3423 ln
745 3387 810 3424 case
823 3371 856 3424 of
865 3369 1032 3425 restoration
1045 3370 1084 3440 by
1096 3369 1224 3441 imperial
1237 3370 1343 3440 favour,
1357 3387 1390 3426 as

239 3453 403 3510 mentioned
420 3453 449 3508 in
465 3455 513 3508 the
530 3463 596 3520 text,
613 3452 634 3508 it
655 3469 747 3508 seems
765 3455 826 3508 that
843 3464 871 3508 at
891 3453 950 3508 first
969 3455 1036 3524 only
1054 3454 1124 3508 such
1142 3453 1327 3524 rights'were
1345 3471 1391 3509 re·

238 3538 359 3592 covered
384 3555 416 3591 as
435 3553 507 3592 were
532 3537 676 3606 expressly
698 3537 833 3607 specified
853 3537 994 3608 (Vitellius
1014 3536 1051 3592 ab
1076 3536 1159 3592 exilio
1184 3535 1304 3592 reversis
1329 3537 1391 3593 iura

239 3620 403 3674 libertorum
416 3619 564 3688 concessit,
578 3621 645 3674 Tac.
663 3619 737 3675 Hist.
752 3637 775 3675 2.
790 3619 844 3690 92),
858 3621 916 3676 and
929 3621 985 3676 this
999 3637 1056 3675 was
1075 3631 1136 3676 true
1149 3619 1177 3675 in
1191 3620 1343 3691 particular
1361 3621 1396 3676 ol

238 3699 330 3770 patria
360 3710 505 3768 potestas:
537 3698 583 3754 ‘in
609 3699 730 3758 insulam
753 3704 810 3758 filio
831 3705 989 3775 deportato,
1011 3705 1121 3776 hacque
1143 3703 1252 3760 ratione
1277 3703 1391 3760 vinculo

239 3793 375 3852 paternae
393 3782 542 3852 potestatis
562 3795 702 3856 exempto,
716 3787 739 3842 si
752 3797 854 3858 postea
872 3806 907 3843 ex
926 3787 1101 3858 indulgentia
1113 3787 1170 3843 divi
1184 3787 1346 3858 Alexandri,
1359 3799 1391 3844 ut

239 3864 382 3936 proponis,
396 3863 503 3921 reditus
522 3866 550 3920 in
570 3867 691 3938 patrium
705 3872 797 3926 solum
810 3872 1040 3943 praecedensque
1059 3871 1183 3942 dignitas
1202 3871 1332 3927 restituta
1344 3871 1390 3940 sit,

239 3959 366 4020 potestas
385 3959 481 4005 tamen
499 3950 590 4021 patria
608 3953 728 4023 repetita
746 3973 804 4010 non
824 3956 949 4011 videtur’
968 3955 1095 4011 Gordian
1115 3955 1143 4010 in
1162 3955 1231 4010 Cod
1256 3969 1280 4025 p
1299 3967 1340 4025 51.
1353 3955 1391 4022 63

238 4035 289 4089 but
303 4032 358 4089 this
371 4045 447 4089 must
460 4035 598 4105 probably
610 4036 646 4091 be
660 4038 746 4092 taken
765 4049 794 4094 to
813 4040 886 4095 have
903 4039 977 4095 been
990 4037 1136 4095 overruled
1150 4039 1188 4108 by
1202 4037 1390 4095 Constantine

239 4118 268 4172 in
286 4118 355 4174 Cod.
373 4118 547 4189 loc.cit.13,
567 4119 611 4174 ‘in
632 4121 797 4191 quaestione
810 4123 981 4192 testamenti,
995 4123 1071 4194 quod
1093 4122 1232 4193 deportati
1254 4121 1327 4176 filius
1347 4139 1391 4177 re-

239 4211 353 4256 meante
366 4213 446 4272 patre
459 4201 580 4276 iecisset,
594 4206 711 4262 remotis
726 4205 842 4276 Ulpiani
856 4217 941 4277 atque
956 4205 1034 4262 Pauli
1045 4205 1120 4260 notis
1134 4204 1283 4276 Papiniani
1296 4206 1391 4276 placet

239 4285 333 4340 valere
352 4285 530 4358 sententiam,
543 4299 573 4344 ut
593 4289 621 4344 in
641 4289 728 4360 patris
748 4289 821 4345 filius
840 4289 876 4345 sit
891 4301 1042 4361 potestate,
1055 4289 1100 4344 cui
1117 4289 1241 4360 dignitas
1260 4306 1295 4344 ac
1314 4289 1392 4345 bona

240 4366 370 4423 restituta
391 4371 473 4424 sunt’
519 4373 544 4427 It
565 4373 619 4428 will
637 4375 675 4430 be
696 4373 836 4429 observed
857 4375 919 4430 that
939 4375 1008 4429 here
1028 4375 1076 4429 the
1093 4371 1275 4429 termination
1295 4373 1329 4427 oi
1341 4373 1392 4430 the

241 4449 333 4520 patria
346 4461 472 4522 potestas
486 4473 542 4510 was
561 4457 767 4528 accompanied
783 4457 822 4529 by
834 4459 936 4529 capitis
953 4457 1118 4515 deminutio.
1157 4459 1191 4511 In
1210 4473 1265 4513 one
1284 4473 1317 4512 or
1334 4467 1391 4514 two
