<?xml version="1.0" encoding="UTF-8"?>
<!DOCTYPE html PUBLIC "-//W3C//DTD XHTML 1.0 Transitional//EN"
    "http://www.w3.org/TR/xhtml1/DTD/xhtml1-transitional.dtd">
<html xmlns="http://www.w3.org/1999/xhtml" xml:lang="en" lang="en">
 <head>
  <title>
</title>
<meta http-equiv="Content-Type" content="text/html;charset=utf-8" />
  <meta name='ocr-system' content='tesseract 3.04.00' />
  <meta name='ocr-capabilities' content='ocr_page ocr_carea ocr_par ocr_line ocrx_word'/>
</head>
<body>
  <div class='ocr_page' id='page_1' title='image "./imperatorisiust00moylgoog_0614.png"; bbox 0 0 3028 5016; ppageno 0'>
   <div class='ocr_carea' id='block_1_1' title="bbox 153 301 1300 376">
    <p class='ocr_par' dir='ltr' id='par_1_1' title="bbox 153 301 1300 376">
     <span class='ocr_line' id='line_1_1' title="bbox 153 301 1300 376; baseline -0.001 -16"><span class='ocrx_word' id='word_1_1' title='bbox 153 311 203 360; x_wconf 85' lang='lat' dir='ltr'><strong>Tit.</strong></span> <span class='ocrx_word' id='word_1_2' title='bbox 219 305 269 371; x_wconf 86' lang='lat'>16.]</span> <span class='ocrx_word' id='word_1_3' title='bbox 355 301 416 359; x_wconf 87' lang='lat' dir='ltr'><strong>DE</strong></span> <span class='ocrx_word' id='word_1_4' title='bbox 435 301 580 358; x_wconf 87' lang='lat' dir='ltr'><em>POENA</em></span> <span class='ocrx_word' id='word_1_5' title='bbox 608 302 785 357; x_wconf 89' lang='lat' dir='ltr'><em>TEMERE</em></span> <span class='ocrx_word' id='word_1_6' title='bbox 805 301 1105 360; x_wconf 84' lang='lat' dir='ltr'><em>LITIGANTIUM.</em></span> <span class='ocrx_word' id='word_1_7' title='bbox 1237 304 1300 376; x_wconf 87' lang='lat'><strong>599</strong></span> 
     </span>
    </p>
   </div>
   <div class='ocr_carea' id='block_1_2' title="bbox 152 465 1333 950">
    <p class='ocr_par' dir='ltr' id='par_1_2' title="bbox 152 465 1333 950">
     <span class='ocr_line' id='line_1_2' title="bbox 198 465 1333 549; baseline 0.003 -18"><span class='ocrx_word' id='word_1_8' title='bbox 198 469 252 533; x_wconf 91' lang='lat' dir='ltr'><strong>De</strong></span> <span class='ocrx_word' id='word_1_9' title='bbox 278 469 392 532; x_wconf 87' lang='lat' dir='ltr'><strong>ordine</strong></span> <span class='ocrx_word' id='word_1_10' title='bbox 417 477 450 532; x_wconf 89' lang='lat' dir='ltr'><strong>et</strong></span> <span class='ocrx_word' id='word_1_11' title='bbox 474 466 577 533; x_wconf 90' lang='lat' dir='ltr'><strong>veteri</strong></span> <span class='ocrx_word' id='word_1_12' title='bbox 599 465 692 532; x_wconf 90' lang='lat' dir='ltr'><strong>exitu</strong></span> <span class='ocrx_word' id='word_1_13' title='bbox 717 467 966 532; x_wconf 88' lang='lat' dir='ltr'><strong>interdictorum</strong></span> <span class='ocrx_word' id='word_1_14' title='bbox 990 486 1227 549; x_wconf 87' lang='lat' dir='ltr'><strong>supervacuum</strong></span> <span class='ocrx_word' id='word_1_15' title='bbox 1252 474 1333 534; x_wconf 73' lang='lat' dir='ltr'><strong>ests</strong></span> 
     </span>
     <span class='ocr_line' id='line_1_3' title="bbox 152 569 1302 656; baseline -0.001 -21"><span class='ocrx_word' id='word_1_16' title='bbox 152 571 253 635; x_wconf 90' lang='lat' dir='ltr'><strong>hodie</strong></span> <span class='ocrx_word' id='word_1_17' title='bbox 269 573 395 637; x_wconf 87' lang='lat' dir='ltr'>dicere:</span> <span class='ocrx_word' id='word_1_18' title='bbox 418 592 496 636; x_wconf 89' lang='lat' dir='ltr'><strong>nam</strong></span> <span class='ocrx_word' id='word_1_19' title='bbox 520 572 672 654; x_wconf 91' lang='lat' dir='ltr'><strong>quotiens</strong></span> <span class='ocrx_word' id='word_1_20' title='bbox 693 581 789 636; x_wconf 85' lang='lat' dir='ltr'><strong>extra</strong></span> <span class='ocrx_word' id='word_1_21' title='bbox 808 571 958 656; x_wconf 76' lang='lat' dir='ltr'><strong>ordinem</strong></span> <span class='ocrx_word' id='word_1_22' title='bbox 979 571 1028 638; x_wconf 89' lang='lat' dir='ltr'><strong>ius</strong></span> <span class='ocrx_word' id='word_1_23' title='bbox 1049 570 1176 645; x_wconf 89' lang='lat' dir='ltr'><strong>dicitur,</strong></span> <span class='ocrx_word' id='word_1_24' title='bbox 1191 569 1302 652; x_wconf 81' lang='lat' dir='ltr'><strong>qualia</strong></span> 
     </span>
     <span class='ocr_line' id='line_1_4' title="bbox 153 661 1301 752; baseline -0.003 -13"><span class='ocrx_word' id='word_1_25' title='bbox 153 685 230 739; x_wconf 89' lang='lat' dir='ltr'><strong>sunt</strong></span> <span class='ocrx_word' id='word_1_26' title='bbox 250 676 350 740; x_wconf 87' lang='lat' dir='ltr'><strong>hodie</strong></span> <span class='ocrx_word' id='word_1_27' title='bbox 370 677 482 740; x_wconf 85' lang='lat' dir='ltr'><strong>omnia</strong></span> <span class='ocrx_word' id='word_1_28' title='bbox 503 675 631 752; x_wconf 89' lang='lat' dir='ltr'><strong>iudicia,</strong></span> <span class='ocrx_word' id='word_1_29' title='bbox 651 661 717 740; x_wconf 90' lang='lat' dir='ltr'><strong>non</strong></span> <span class='ocrx_word' id='word_1_30' title='bbox 739 683 789 740; x_wconf 89' lang='lat' dir='ltr'><strong>est</strong></span> <span class='ocrx_word' id='word_1_31' title='bbox 813 694 945 740; x_wconf 89' lang='lat' dir='ltr'><strong>necesse</strong></span> <span class='ocrx_word' id='word_1_32' title='bbox 965 674 1058 740; x_wconf 85' lang='lat' dir='ltr'>reddi</span> <span class='ocrx_word' id='word_1_33' title='bbox 1081 674 1301 746; x_wconf 90' lang='lat' dir='ltr'><strong>interdictum,</strong></span> 
     </span>
     <span class='ocr_line' id='line_1_5' title="bbox 152 778 1301 863; baseline -0.001 -20"><span class='ocrx_word' id='word_1_34' title='bbox 152 780 214 844; x_wconf 88' lang='lat' dir='ltr'><strong>sed</strong></span> <span class='ocrx_word' id='word_1_35' title='bbox 236 781 371 863; x_wconf 87' lang='lat' dir='ltr'><strong>perinde</strong></span> <span class='ocrx_word' id='word_1_36' title='bbox 394 779 555 844; x_wconf 88' lang='lat' dir='ltr'><strong>iudicatur</strong></span> <span class='ocrx_word' id='word_1_37' title='bbox 575 779 645 843; x_wconf 89' lang='lat' dir='ltr'><strong>sine</strong></span> <span class='ocrx_word' id='word_1_38' title='bbox 665 779 855 856; x_wconf 84' lang='lat' dir='ltr'><strong>interdictis,</strong></span> <span class='ocrx_word' id='word_1_39' title='bbox 870 787 970 862; x_wconf 88' lang='lat' dir='ltr'><strong>atque</strong></span> <span class='ocrx_word' id='word_1_40' title='bbox 992 778 1019 844; x_wconf 84' lang='lat' dir='ltr'><strong>si</strong></span> <span class='ocrx_word' id='word_1_41' title='bbox 1040 778 1130 844; x_wconf 91' lang='lat' dir='ltr'><strong>utilis</strong></span> <span class='ocrx_word' id='word_1_42' title='bbox 1148 778 1235 846; x_wconf 89' lang='lat' dir='ltr'><strong>actio</strong></span> <span class='ocrx_word' id='word_1_43' title='bbox 1258 798 1301 842; x_wconf 88' lang='lat' dir='ltr'><strong>ex</strong></span> 
     </span>
     <span class='ocr_line' id='line_1_6' title="bbox 153 881 714 950; baseline 0 -2"><span class='ocrx_word' id='word_1_44' title='bbox 153 905 252 948; x_wconf 87' lang='lat' dir='ltr'><strong>causa</strong></span> <span class='ocrx_word' id='word_1_45' title='bbox 267 883 430 950; x_wconf 87' lang='lat' dir='ltr'><strong>interdicti</strong></span> <span class='ocrx_word' id='word_1_46' title='bbox 445 883 575 948; x_wconf 89' lang='lat' dir='ltr'><strong>reddita</strong></span> <span class='ocrx_word' id='word_1_47' title='bbox 590 881 714 948; x_wconf 87' lang='lat' dir='ltr'><strong>fuisset.</strong></span> 
     </span>
    </p>
   </div>
   <div class='ocr_carea' id='block_1_3' title="bbox 397 1119 1059 1368">
    <p class='ocr_par' dir='ltr' id='par_1_3' title="bbox 397 1119 1059 1368">
     <span class='ocr_line' id='line_1_7' title="bbox 683 1119 777 1185; baseline 0.011 -1"><span class='ocrx_word' id='word_1_48' title='bbox 683 1119 777 1185; x_wconf 87' lang='lat' dir='ltr'><strong>XVl.</strong></span> 
     </span>
     <span class='ocr_line' id='line_1_8' title="bbox 397 1313 1059 1368; baseline -0.002 -2"><span class='ocrx_word' id='word_1_49' title='bbox 397 1317 447 1368; x_wconf 77' lang='lat' dir='ltr'><strong>uu</strong></span> <span class='ocrx_word' id='word_1_50' title='bbox 471 1315 593 1368; x_wconf 74' lang='lat' dir='ltr'><strong>rosus</strong></span> <span class='ocrx_word' id='word_1_51' title='bbox 616 1313 769 1366; x_wconf 72' lang='lat' dir='ltr'><strong>tuusne</strong></span> <span class='ocrx_word' id='word_1_52' title='bbox 792 1313 1059 1368; x_wconf 79' lang='lat' dir='ltr'><strong>LITlGANTIUM.</strong></span> 
     </span>
    </p>
   </div>
   <div class='ocr_carea' id='block_1_4' title="bbox 151 1475 1352 3430">
    <p class='ocr_par' dir='ltr' id='par_1_4' title="bbox 151 1475 1352 3430">
     <span class='ocr_line' id='line_1_9' title="bbox 175 1475 1302 1568; baseline -0.001 -19"><span class='ocrx_word' id='word_1_53' title='bbox 175 1475 176 1480; x_wconf 30' lang='lat'>¹</span> <span class='ocrx_word' id='word_1_54' title='bbox 197 1485 296 1549; x_wconf 92' lang='lat' dir='ltr'><strong>Nunc</strong></span> <span class='ocrx_word' id='word_1_55' title='bbox 311 1483 513 1549; x_wconf 90' lang='lat' dir='ltr'><strong>admonendi</strong></span> <span class='ocrx_word' id='word_1_56' title='bbox 529 1503 642 1546; x_wconf 91' lang='lat' dir='ltr'><strong>sumus</strong></span> <span class='ocrx_word' id='word_1_57' title='bbox 661 1503 816 1567; x_wconf 89' lang='lat' dir='ltr'><strong>magnam</strong></span> <span class='ocrx_word' id='word_1_58' title='bbox 833 1502 944 1547; x_wconf 87' lang='lat' dir='ltr'><strong>curam</strong></span> <span class='ocrx_word' id='word_1_59' title='bbox 961 1484 1067 1568; x_wconf 85' lang='lat' dir='ltr'><strong>egisse</strong></span> <span class='ocrx_word' id='word_1_60' title='bbox 1082 1503 1147 1564; x_wconf 68' lang='lat' dir='ltr'><strong>eos</strong></span> <span class='ocrx_word' id='word_1_61' title='bbox 1162 1481 1218 1568; x_wconf 93' lang='lat' dir='ltr'><strong>qui</strong></span> <span class='ocrx_word' id='word_1_62' title='bbox 1234 1482 1302 1548; x_wconf 82' lang='lat' dir='ltr'><strong>iura</strong></span> 
     </span>
     <span class='ocr_line' id='line_1_10' title="bbox 153 1585 1301 1672; baseline -0.002 -19"><span class='ocrx_word' id='word_1_63' title='bbox 153 1589 368 1661; x_wconf 88' lang='lat' dir='ltr'><strong>sustinebant,</strong></span> <span class='ocrx_word' id='word_1_64' title='bbox 399 1608 440 1654; x_wconf 88' lang='lat' dir='ltr'><strong>ne</strong></span> <span class='ocrx_word' id='word_1_65' title='bbox 470 1587 566 1654; x_wconf 83' lang='lat' dir='ltr'><strong>facile</strong></span> <span class='ocrx_word' id='word_1_66' title='bbox 594 1585 746 1653; x_wconf 88' lang='lat' dir='ltr'><strong>homines</strong></span> <span class='ocrx_word' id='word_1_67' title='bbox 771 1587 815 1654; x_wconf 87' lang='lat' dir='ltr'><strong>ad</strong></span> <span class='ocrx_word' id='word_1_68' title='bbox 844 1586 1041 1671; x_wconf 89' lang='lat' dir='ltr'><strong>litigandum</strong></span> <span class='ocrx_word' id='word_1_69' title='bbox 1067 1588 1301 1672; x_wconf 87' lang='lat' dir='ltr'><strong>procederent:</strong></span> 
     </span>
     <span class='ocr_line' id='line_1_11' title="bbox 151 1690 1302 1777; baseline -0.002 -21"><span class='ocrx_word' id='word_1_70' title='bbox 151 1695 243 1777; x_wconf 92' lang='lat' dir='ltr'><strong>quod</strong></span> <span class='ocrx_word' id='word_1_71' title='bbox 259 1702 293 1757; x_wconf 91' lang='lat' dir='ltr'><strong>et</strong></span> <span class='ocrx_word' id='word_1_72' title='bbox 308 1692 404 1756; x_wconf 91' lang='lat' dir='ltr'><strong>nobis</strong></span> <span class='ocrx_word' id='word_1_73' title='bbox 419 1693 530 1757; x_wconf 86' lang='lat' dir='ltr'><strong>studio</strong></span> <span class='ocrx_word' id='word_1_74' title='bbox 546 1699 606 1756; x_wconf 88' lang='lat' dir='ltr'><strong>est.</strong></span> <span class='ocrx_word' id='word_1_75' title='bbox 652 1692 751 1775; x_wconf 90' lang='lat' dir='ltr'><strong>idque</strong></span> <span class='ocrx_word' id='word_1_76' title='bbox 767 1711 807 1756; x_wconf 87' lang='lat' dir='ltr'><strong>eo</strong></span> <span class='ocrx_word' id='word_1_77' title='bbox 824 1692 971 1755; x_wconf 84' lang='lat' dir='ltr'><strong>maxime</strong></span> <span class='ocrx_word' id='word_1_78' title='bbox 991 1690 1060 1755; x_wconf 89' lang='lat' dir='ltr'><strong>fieri</strong></span> <span class='ocrx_word' id='word_1_79' title='bbox 1076 1699 1197 1776; x_wconf 90' lang='lat' dir='ltr'><strong>potest,</strong></span> <span class='ocrx_word' id='word_1_80' title='bbox 1213 1691 1302 1774; x_wconf 92' lang='lat' dir='ltr'><strong>quod</strong></span> 
     </span>
     <span class='ocr_line' id='line_1_12' title="bbox 153 1794 1303 1880; baseline -0.003 -20"><span class='ocrx_word' id='word_1_81' title='bbox 153 1797 322 1860; x_wconf 86' lang='lat' dir='ltr'><strong>temeritas</strong></span> <span class='ocrx_word' id='word_1_82' title='bbox 349 1807 419 1860; x_wconf 88' lang='lat' dir='ltr'><strong>tam</strong></span> <span class='ocrx_word' id='word_1_83' title='bbox 445 1795 614 1878; x_wconf 88' lang='lat' dir='ltr'><strong>agentium</strong></span> <span class='ocrx_word' id='word_1_84' title='bbox 638 1815 738 1878; x_wconf 89' lang='lat' dir='ltr'><strong>quam</strong></span> <span class='ocrx_word' id='word_1_85' title='bbox 767 1815 880 1860; x_wconf 89' lang='lat' dir='ltr'><strong>eorum</strong></span> <span class='ocrx_word' id='word_1_86' title='bbox 905 1814 981 1860; x_wconf 92' lang='lat' dir='ltr'><strong>cum</strong></span> <span class='ocrx_word' id='word_1_87' title='bbox 1007 1794 1126 1878; x_wconf 89' lang='lat' dir='ltr'><strong>quibus</strong></span> <span class='ocrx_word' id='word_1_88' title='bbox 1150 1804 1303 1880; x_wconf 83' lang='lat' dir='ltr'><strong>ageretur</strong></span> 
     </span>
     <span class='ocr_line' id='line_1_13' title="bbox 154 1897 1302 1984; baseline -0.002 -20"><span class='ocrx_word' id='word_1_89' title='bbox 154 1901 254 1965; x_wconf 91' lang='lat' dir='ltr'><strong>modo</strong></span> <span class='ocrx_word' id='word_1_90' title='bbox 280 1899 467 1984; x_wconf 88' lang='lat' dir='ltr'><strong>pecuniaria</strong></span> <span class='ocrx_word' id='word_1_91' title='bbox 494 1919 611 1982; x_wconf 91' lang='lat' dir='ltr'><strong>poena,</strong></span> <span class='ocrx_word' id='word_1_92' title='bbox 642 1899 743 1972; x_wconf 88' lang='lat' dir='ltr'><strong>modo</strong></span> <span class='ocrx_word' id='word_1_93' title='bbox 776 1897 981 1964; x_wconf 89' lang='lat' dir='ltr'><strong>iurisiurandi</strong></span> <span class='ocrx_word' id='word_1_94' title='bbox 1007 1897 1172 1982; x_wconf 88' lang='lat' dir='ltr'><strong>religione,</strong></span> <span class='ocrx_word' id='word_1_95' title='bbox 1200 1898 1302 1962; x_wconf 92' lang='lat' dir='ltr'><strong>modo</strong></span> 
     </span>
     <span class='ocr_line' id='line_1_14' title="bbox 153 2001 1330 2070; baseline -0.004 -2"><span class='ocrx_word' id='word_1_96' title='bbox 153 2012 244 2070; x_wconf 88' lang='lat' dir='ltr'><strong>metu</strong></span> <span class='ocrx_word' id='word_1_97' title='bbox 269 2003 423 2070; x_wconf 78' lang='lat' dir='ltr'><strong>infamiae</strong></span> <span class='ocrx_word' id='word_1_98' title='bbox 445 2012 621 2068; x_wconf 88' lang='lat' dir='ltr'><strong>coercetur.</strong></span> <span class='ocrx_word' id='word_1_99' title='bbox 675 2001 762 2068; x_wconf 89' lang='lat' dir='ltr'><strong>Ecce</strong></span> <span class='ocrx_word' id='word_1_100' title='bbox 788 2003 876 2066; x_wconf 84' lang='lat' dir='ltr'><strong>eninr</strong></span> <span class='ocrx_word' id='word_1_101' title='bbox 901 2001 1124 2068; x_wconf 86' lang='lat' dir='ltr'><strong>iusiurandum</strong></span> <span class='ocrx_word' id='word_1_102' title='bbox 1148 2001 1330 2066; x_wconf 89' lang='lat' dir='ltr'><strong>omnibusl</strong></span> 
     </span>
     <span class='ocr_line' id='line_1_15' title="bbox 152 2104 1302 2192; baseline -0.002 -22"><span class='ocrx_word' id='word_1_103' title='bbox 152 2109 207 2192; x_wconf 92' lang='lat' dir='ltr'><strong>qui</strong></span> <span class='ocrx_word' id='word_1_104' title='bbox 231 2107 468 2172; x_wconf 88' lang='lat' dir='ltr'><strong>conveniuntur</strong></span> <span class='ocrx_word' id='word_1_105' title='bbox 488 2127 532 2170; x_wconf 85' lang='lat' dir='ltr'><strong>ex</strong></span> <span class='ocrx_word' id='word_1_106' title='bbox 555 2113 667 2170; x_wconf 85' lang='lat' dir='ltr'><strong>nostra</strong></span> <span class='ocrx_word' id='word_1_107' title='bbox 690 2105 924 2170; x_wconf 90' lang='lat' dir='ltr'><strong>constitutione</strong></span> <span class='ocrx_word' id='word_1_108' title='bbox 945 2104 1106 2170; x_wconf 83' lang='lat' dir='ltr'><strong>defertur:</strong></span> <span class='ocrx_word' id='word_1_109' title='bbox 1130 2125 1207 2168; x_wconf 88' lang='lat' dir='ltr'><strong>nam</strong></span> <span class='ocrx_word' id='word_1_110' title='bbox 1229 2125 1302 2168; x_wconf 86' lang='lat' dir='ltr'><strong>reus</strong></span> 
     </span>
     <span class='ocr_line' id='line_1_16' title="bbox 153 2209 1302 2292; baseline -0.007 -12"><span class='ocrx_word' id='word_1_111' title='bbox 153 2232 218 2280; x_wconf 82' lang='lat' dir='ltr'><strong>non</strong></span> <span class='ocrx_word' id='word_1_112' title='bbox 240 2210 336 2276; x_wconf 91' lang='lat' dir='ltr'><strong>aliter</strong></span> <span class='ocrx_word' id='word_1_113' title='bbox 356 2211 423 2274; x_wconf 90' lang='lat' dir='ltr'><strong>suis</strong></span> <span class='ocrx_word' id='word_1_114' title='bbox 443 2209 698 2292; x_wconf 86' lang='lat' dir='ltr'><strong>allegationibus</strong></span> <span class='ocrx_word' id='word_1_115' title='bbox 716 2210 826 2288; x_wconf 91' lang='lat' dir='ltr'><strong>utitur,</strong></span> <span class='ocrx_word' id='word_1_116' title='bbox 842 2209 904 2272; x_wconf 92' lang='lat' dir='ltr'><strong>nisi</strong></span> <span class='ocrx_word' id='word_1_117' title='bbox 924 2209 1013 2292; x_wconf 89' lang='lat' dir='ltr'><strong>prius</strong></span> <span class='ocrx_word' id='word_1_118' title='bbox 1035 2209 1197 2284; x_wconf 89' lang='lat' dir='ltr'><strong>iuraverit,</strong></span> <span class='ocrx_word' id='word_1_119' title='bbox 1213 2209 1302 2292; x_wconf 93' lang='lat' dir='ltr'><strong>quod</strong></span> 
     </span>
     <span class='ocr_line' id='line_1_17' title="bbox 153 2313 1304 2402; baseline -0.002 -24"><span class='ocrx_word' id='word_1_120' title='bbox 153 2325 275 2402; x_wconf 87' lang='lat' dir='ltr'><strong>putans</strong></span> <span class='ocrx_word' id='word_1_121' title='bbox 290 2335 325 2378; x_wconf 87' lang='lat' dir='ltr'><strong>se</strong></span> <span class='ocrx_word' id='word_1_122' title='bbox 340 2314 429 2378; x_wconf 90' lang='lat' dir='ltr'><strong>bona</strong></span> <span class='ocrx_word' id='word_1_123' title='bbox 445 2313 602 2378; x_wconf 86' lang='lat' dir='ltr'><strong>instantia</strong></span> <span class='ocrx_word' id='word_1_124' title='bbox 622 2313 671 2376; x_wconf 90' lang='lat' dir='ltr'><strong>uti</strong></span> <span class='ocrx_word' id='word_1_125' title='bbox 692 2313 735 2376; x_wconf 90' lang='lat' dir='ltr'><strong>ad</strong></span> <span class='ocrx_word' id='word_1_126' title='bbox 757 2313 1050 2377; x_wconf 88' lang='lat' dir='ltr'><strong>contradicendum</strong></span> <span class='ocrx_word' id='word_1_127' title='bbox 1065 2313 1223 2396; x_wconf 90' lang='lat' dir='ltr'><strong>pervenit.</strong></span> <span class='ocrx_word' id='word_1_128' title='bbox 1268 2323 1304 2377; x_wconf 91' lang='lat' dir='ltr'><strong>at</strong></span> 
     </span>
     <span class='ocr_line' id='line_1_18' title="bbox 154 2415 1304 2499; baseline -0.003 -17"><span class='ocrx_word' id='word_1_129' title='bbox 154 2419 310 2484; x_wconf 87' lang='lat' dir='ltr'><strong>adversus</strong></span> <span class='ocrx_word' id='word_1_130' title='bbox 326 2417 506 2482; x_wconf 85' lang='lat' dir='ltr'><strong>infitiantes</strong></span> <span class='ocrx_word' id='word_1_131' title='bbox 522 2437 566 2482; x_wconf 87' lang='lat' dir='ltr'><strong>ex</strong></span> <span class='ocrx_word' id='word_1_132' title='bbox 581 2415 779 2499; x_wconf 87' lang='lat' dir='ltr'><strong>quibusdam</strong></span> <span class='ocrx_word' id='word_1_133' title='bbox 800 2417 906 2480; x_wconf 89' lang='lat' dir='ltr'><strong>causis</strong></span> <span class='ocrx_word' id='word_1_134' title='bbox 926 2415 1019 2498; x_wconf 93' lang='lat' dir='ltr'><strong>dupli</strong></span> <span class='ocrx_word' id='word_1_135' title='bbox 1041 2415 1093 2480; x_wconf 90' lang='lat' dir='ltr'><strong>vel</strong></span> <span class='ocrx_word' id='word_1_136' title='bbox 1112 2415 1200 2498; x_wconf 91' lang='lat' dir='ltr'><strong>tripli</strong></span> <span class='ocrx_word' id='word_1_137' title='bbox 1217 2418 1304 2480; x_wconf 90' lang='lat' dir='ltr'><strong>actio</strong></span> 
     </span>
     <span class='ocr_line' id='line_1_19' title="bbox 153 2519 1303 2602; baseline -0.002 -16"><span class='ocrx_word' id='word_1_138' title='bbox 153 2524 374 2601; x_wconf 91' lang='lat' dir='ltr'><strong>constituitur,</strong></span> <span class='ocrx_word' id='word_1_139' title='bbox 396 2521 498 2584; x_wconf 90' lang='lat' dir='ltr'><strong>veluti</strong></span> <span class='ocrx_word' id='word_1_140' title='bbox 521 2521 548 2584; x_wconf 88' lang='lat' dir='ltr'><strong>si</strong></span> <span class='ocrx_word' id='word_1_141' title='bbox 569 2520 682 2586; x_wconf 89' lang='lat' dir='ltr'><strong>damni</strong></span> <span class='ocrx_word' id='word_1_142' title='bbox 705 2519 840 2584; x_wconf 87' lang='lat' dir='ltr'><strong>iniuriae</strong></span> <span class='ocrx_word' id='word_1_143' title='bbox 860 2529 918 2584; x_wconf 91' lang='lat' dir='ltr'><strong>aut</strong></span> <span class='ocrx_word' id='word_1_144' title='bbox 938 2519 1124 2602; x_wconf 88' lang='lat' dir='ltr'><strong>legatorum</strong></span> <span class='ocrx_word' id='word_1_145' title='bbox 1145 2519 1226 2584; x_wconf 90' lang='lat' dir='ltr'><strong>locis</strong></span> <span class='ocrx_word' id='word_1_146' title='bbox 1247 2540 1303 2584; x_wconf 88' lang='lat' dir='ltr'><strong>ve-</strong></span> 
     </span>
     <span class='ocr_line' id='line_1_20' title="bbox 154 2623 1352 2706; baseline -0.001 -18"><span class='ocrx_word' id='word_1_147' title='bbox 154 2625 356 2690; x_wconf 89' lang='lat' dir='ltr'><strong>nerabilibus</strong></span> <span class='ocrx_word' id='word_1_148' title='bbox 372 2624 558 2688; x_wconf 89' lang='lat' dir='ltr'><strong>relictorum</strong></span> <span class='ocrx_word' id='word_1_149' title='bbox 578 2623 712 2687; x_wconf 90' lang='lat' dir='ltr'><strong>nomine</strong></span> <span class='ocrx_word' id='word_1_150' title='bbox 733 2623 850 2706; x_wconf 89' lang='lat' dir='ltr'><strong>agitur.</strong></span> <span class='ocrx_word' id='word_1_151' title='bbox 895 2623 1008 2686; x_wconf 82' lang='lat' dir='ltr'><strong>statim</strong></span> <span class='ocrx_word' id='word_1_152' title='bbox 1023 2632 1136 2687; x_wconf 91' lang='lat' dir='ltr'><strong>autem</strong></span> <span class='ocrx_word' id='word_1_153' title='bbox 1151 2623 1194 2688; x_wconf 84' lang='lat' dir='ltr'><strong>ab</strong></span> <span class='ocrx_word' id='word_1_154' title='bbox 1210 2623 1304 2687; x_wconf 92' lang='lat' dir='ltr'><strong>initio</strong></span> <span class='ocrx_word' id='word_1_155' title='bbox 1349 2699 1352 2706; x_wconf 33' lang='grc' dir='ltr'>Ι</span> 
     </span>
     <span class='ocr_line' id='line_1_21' title="bbox 152 2725 1303 2812; baseline -0.003 -19"><span class='ocrx_word' id='word_1_156' title='bbox 152 2728 254 2812; x_wconf 90' lang='lat' dir='ltr'><strong>pluris</strong></span> <span class='ocrx_word' id='word_1_157' title='bbox 274 2749 375 2812; x_wconf 88' lang='lat' dir='ltr'><strong>quarn</strong></span> <span class='ocrx_word' id='word_1_158' title='bbox 396 2727 505 2812; x_wconf 89' lang='lat' dir='ltr'><strong>simpli</strong></span> <span class='ocrx_word' id='word_1_159' title='bbox 529 2735 579 2792; x_wconf 89' lang='lat' dir='ltr'><strong>est</strong></span> <span class='ocrx_word' id='word_1_160' title='bbox 601 2725 688 2792; x_wconf 89' lang='lat' dir='ltr'><strong>actio</strong></span> <span class='ocrx_word' id='word_1_161' title='bbox 706 2725 809 2792; x_wconf 90' lang='lat' dir='ltr'><strong>veluti</strong></span> <span class='ocrx_word' id='word_1_162' title='bbox 833 2726 908 2790; x_wconf 89' lang='lat' dir='ltr'><strong>furti</strong></span> <span class='ocrx_word' id='word_1_163' title='bbox 932 2727 1097 2792; x_wconf 81' lang='lat' dir='ltr'><strong>manifesti</strong></span> <span class='ocrx_word' id='word_1_164' title='bbox 1118 2727 1303 2810; x_wconf 89' lang='lat' dir='ltr'><strong>quadrupli,</strong></span> 
     </span>
     <span class='ocr_line' id='line_1_22' title="bbox 152 2829 1303 2913; baseline -0.002 -17"><span class='ocrx_word' id='word_1_165' title='bbox 152 2853 213 2896; x_wconf 89' lang='lat' dir='ltr'><strong>nec</strong></span> <span class='ocrx_word' id='word_1_166' title='bbox 237 2832 399 2898; x_wconf 88' lang='lat' dir='ltr'><strong>manifesti</strong></span> <span class='ocrx_word' id='word_1_167' title='bbox 425 2831 539 2913; x_wconf 88' lang='lat' dir='ltr'><strong>dupli:</strong></span> <span class='ocrx_word' id='word_1_168' title='bbox 571 2851 649 2896; x_wconf 85' lang='lat' dir='ltr'><strong>nam</strong></span> <span class='ocrx_word' id='word_1_169' title='bbox 674 2851 718 2894; x_wconf 89' lang='lat' dir='ltr'><strong>ex</strong></span> <span class='ocrx_word' id='word_1_170' title='bbox 741 2829 793 2894; x_wconf 88' lang='lat' dir='ltr'><strong>his</strong></span> <span class='ocrx_word' id='word_1_171' title='bbox 815 2831 921 2896; x_wconf 85' lang='lat' dir='ltr'><strong>causis</strong></span> <span class='ocrx_word' id='word_1_172' title='bbox 943 2842 978 2896; x_wconf 89' lang='lat' dir='ltr'><strong>et</strong></span> <span class='ocrx_word' id='word_1_173' title='bbox 1000 2830 1073 2895; x_wconf 90' lang='lat' dir='ltr'><strong>aliis</strong></span> <span class='ocrx_word' id='word_1_174' title='bbox 1096 2831 1303 2913; x_wconf 91' lang='lat' dir='ltr'><strong>quibusdam,</strong></span> 
     </span>
     <span class='ocr_line' id='line_1_23' title="bbox 152 2933 1302 3019; baseline 0 -20"><span class='ocrx_word' id='word_1_175' title='bbox 152 2938 221 3001; x_wconf 91' lang='lat' dir='ltr'><strong>sive</strong></span> <span class='ocrx_word' id='word_1_176' title='bbox 248 2937 321 3019; x_wconf 90' lang='lat' dir='ltr'><strong>quis</strong></span> <span class='ocrx_word' id='word_1_177' title='bbox 348 2945 447 3018; x_wconf 90' lang='lat' dir='ltr'><strong>neget</strong></span> <span class='ocrx_word' id='word_1_178' title='bbox 471 2935 539 2998; x_wconf 88' lang='lat' dir='ltr'><strong>sive</strong></span> <span class='ocrx_word' id='word_1_179' title='bbox 563 2933 712 3013; x_wconf 82' lang='lat' dir='ltr'><strong>fateatur,</strong></span> <span class='ocrx_word' id='word_1_180' title='bbox 738 2935 841 3017; x_wconf 87' lang='lat' dir='ltr'><strong>pluris</strong></span> <span class='ocrx_word' id='word_1_181' title='bbox 870 2955 971 3017; x_wconf 91' lang='lat' dir='ltr'><strong>quam</strong></span> <span class='ocrx_word' id='word_1_182' title='bbox 996 2933 1106 3019; x_wconf 91' lang='lat' dir='ltr'><strong>simpli</strong></span> <span class='ocrx_word' id='word_1_183' title='bbox 1131 2944 1181 2999; x_wconf 89' lang='lat' dir='ltr'><strong>est</strong></span> <span class='ocrx_word' id='word_1_184' title='bbox 1206 2935 1302 3000; x_wconf 87' lang='lat' dir='ltr'><strong>acti0.</strong></span> 
     </span>
     <span class='ocr_line' id='line_1_24' title="bbox 153 3037 1304 3120; baseline 0.002 -20"><span class='ocrx_word' id='word_1_185' title='bbox 153 3039 232 3102; x_wconf 88' lang='lat' dir='ltr'><strong>item</strong></span> <span class='ocrx_word' id='word_1_186' title='bbox 257 3038 377 3102; x_wconf 91' lang='lat' dir='ltr'><strong>actoris</strong></span> <span class='ocrx_word' id='word_1_187' title='bbox 400 3057 532 3120; x_wconf 91' lang='lat' dir='ltr'><strong>quoque</strong></span> <span class='ocrx_word' id='word_1_188' title='bbox 557 3037 721 3102; x_wconf 87' lang='lat' dir='ltr'><strong>calumnia</strong></span> <span class='ocrx_word' id='word_1_189' title='bbox 748 3047 933 3102; x_wconf 91' lang='lat' dir='ltr'><strong>coercetur:</strong></span> <span class='ocrx_word' id='word_1_190' title='bbox 980 3058 1058 3101; x_wconf 89' lang='lat' dir='ltr'><strong>nam</strong></span> <span class='ocrx_word' id='word_1_191' title='bbox 1085 3037 1186 3102; x_wconf 87' lang='lat' dir='ltr'><strong>etiam</strong></span> <span class='ocrx_word' id='word_1_192' title='bbox 1212 3047 1304 3103; x_wconf 87' lang='lat' dir='ltr'><strong>actor</strong></span> 
     </span>
     <span class='ocr_line' id='line_1_25' title="bbox 153 3139 1304 3227; baseline 0.002 -23"><span class='ocrx_word' id='word_1_193' title='bbox 153 3163 213 3224; x_wconf 91' lang='lat' dir='ltr'><strong>pro</strong></span> <span class='ocrx_word' id='word_1_194' title='bbox 229 3140 395 3206; x_wconf 84' lang='lat' dir='ltr'><strong>calumnia</strong></span> <span class='ocrx_word' id='word_1_195' title='bbox 410 3141 515 3204; x_wconf 88' lang='lat' dir='ltr'><strong>iurare</strong></span> <span class='ocrx_word' id='word_1_196' title='bbox 530 3139 659 3227; x_wconf 90' lang='lat' dir='ltr'><strong>cogitur</strong></span> <span class='ocrx_word' id='word_1_197' title='bbox 675 3161 718 3204; x_wconf 85' lang='lat' dir='ltr'><strong>ex</strong></span> <span class='ocrx_word' id='word_1_198' title='bbox 735 3149 846 3204; x_wconf 88' lang='lat' dir='ltr'><strong>nostra</strong></span> <span class='ocrx_word' id='word_1_199' title='bbox 861 3141 1104 3205; x_wconf 85' lang='lat' dir='ltr'><strong>constitutione.</strong></span> <span class='ocrx_word' id='word_1_200' title='bbox 1135 3142 1304 3224; x_wconf 88' lang='lat' dir='ltr'><strong>utriusque</strong></span> 
     </span>
     <span class='ocr_line' id='line_1_26' title="bbox 153 3244 1303 3328; baseline -0.002 -18"><span class='ocrx_word' id='word_1_201' title='bbox 153 3247 254 3310; x_wconf 89' lang='lat' dir='ltr'><strong>etiam</strong></span> <span class='ocrx_word' id='word_1_202' title='bbox 279 3245 383 3328; x_wconf 87' lang='lat' dir='ltr'><strong>partis</strong></span> <span class='ocrx_word' id='word_1_203' title='bbox 406 3245 559 3312; x_wconf 86' lang='lat' dir='ltr'><strong>advocati</strong></span> <span class='ocrx_word' id='word_1_204' title='bbox 583 3244 808 3307; x_wconf 91' lang='lat' dir='ltr'><strong>iusiurandum</strong></span> <span class='ocrx_word' id='word_1_205' title='bbox 829 3244 980 3319; x_wconf 88' lang='lat' dir='ltr'><strong>subeunt,</strong></span> <span class='ocrx_word' id='word_1_206' title='bbox 996 3245 1086 3326; x_wconf 93' lang='lat' dir='ltr'><strong>quod</strong></span> <span class='ocrx_word' id='word_1_207' title='bbox 1106 3244 1171 3308; x_wconf 85' lang='lat' dir='ltr'><strong>alia</strong></span> <span class='ocrx_word' id='word_1_208' title='bbox 1191 3254 1303 3309; x_wconf 84' lang='lat' dir='ltr'><strong>nostra</strong></span> 
     </span>
     <span class='ocr_line' id='line_1_27' title="bbox 152 3346 1302 3430; baseline -0.002 -16"><span class='ocrx_word' id='word_1_209' title='bbox 152 3349 388 3416; x_wconf 90' lang='lat' dir='ltr'><strong>constitutione</strong></span> <span class='ocrx_word' id='word_1_210' title='bbox 417 3347 692 3430; x_wconf 89' lang='lat' dir='ltr'><strong>comprehensum</strong></span> <span class='ocrx_word' id='word_1_211' title='bbox 723 3355 783 3410; x_wconf 90' lang='lat' dir='ltr'><strong>est.</strong></span> <span class='ocrx_word' id='word_1_212' title='bbox 841 3346 923 3412; x_wconf 92' lang='lat' dir='ltr'><strong>haec</strong></span> <span class='ocrx_word' id='word_1_213' title='bbox 957 3357 1069 3411; x_wconf 88' lang='lat' dir='ltr'><strong>autem</strong></span> <span class='ocrx_word' id='word_1_214' title='bbox 1102 3348 1214 3412; x_wconf 88' lang='lat' dir='ltr'><strong>omnia</strong></span> <span class='ocrx_word' id='word_1_215' title='bbox 1243 3369 1302 3430; x_wconf 90' lang='lat' dir='ltr'><strong>pro</strong></span> 
     </span>
    </p>
   </div>
   <div class='ocr_carea' id='block_1_5' title="bbox 151 3603 1307 4176">
    <p class='ocr_par' dir='ltr' id='par_1_5' title="bbox 151 3603 1307 4176">
     <span class='ocr_line' id='line_1_28' title="bbox 151 3603 1301 3675; baseline -0.002 -15"><span class='ocrx_word' id='word_1_216' title='bbox 151 3605 263 3675; x_wconf 88' lang='lat' dir='ltr'><strong>double,</strong></span> <span class='ocrx_word' id='word_1_217' title='bbox 276 3621 307 3660; x_wconf 85' lang='lat' dir='ltr'><strong>as</strong></span> <span class='ocrx_word' id='word_1_218' title='bbox 328 3605 351 3660; x_wconf 89' lang='lat' dir='ltr'><strong>is</strong></span> <span class='ocrx_word' id='word_1_219' title='bbox 370 3605 447 3660; x_wconf 82' lang='lat' dir='ltr'><strong>clear</strong></span> <span class='ocrx_word' id='word_1_220' title='bbox 463 3604 536 3658; x_wconf 89' lang='lat' dir='ltr'><strong>from</strong></span> <span class='ocrx_word' id='word_1_221' title='bbox 555 3605 604 3658; x_wconf 90' lang='lat' dir='ltr'><strong>the</strong></span> <span class='ocrx_word' id='word_1_222' title='bbox 623 3613 689 3672; x_wconf 88' lang='lat' dir='ltr'><strong>text,</strong></span> <span class='ocrx_word' id='word_1_223' title='bbox 706 3603 830 3658; x_wconf 82' lang='lat' dir='ltr'><strong>because</strong></span> <span class='ocrx_word' id='word_1_224' title='bbox 848 3603 928 3659; x_wconf 85' lang='lat' dir='ltr'><strong>there</strong></span> <span class='ocrx_word' id='word_1_225' title='bbox 947 3603 972 3658; x_wconf 89' lang='lat' dir='ltr'><strong>is</strong></span> <span class='ocrx_word' id='word_1_226' title='bbox 991 3620 1029 3658; x_wconf 93' lang='lat' dir='ltr'><strong>no</strong></span> <span class='ocrx_word' id='word_1_227' title='bbox 1048 3603 1207 3670; x_wconf 84' lang='lat' dir='ltr'><strong>difference,</strong></span> <span class='ocrx_word' id='word_1_228' title='bbox 1221 3620 1254 3658; x_wconf 87' lang='lat' dir='ltr'><strong>as</strong></span> <span class='ocrx_word' id='word_1_229' title='bbox 1273 3603 1301 3658; x_wconf 91' lang='lat' dir='ltr'><strong>in</strong></span> 
     </span>
     <span class='ocr_line' id='line_1_29' title="bbox 151 3685 1307 3758; baseline 0 -16"><span class='ocrx_word' id='word_1_230' title='bbox 151 3689 284 3758; x_wconf 84' lang='lat' dir='ltr'><strong>ordinary</strong></span> <span class='ocrx_word' id='word_1_231' title='bbox 303 3689 413 3744; x_wconf 87' lang='lat' dir='ltr'><strong>actions</strong></span> <span class='ocrx_word' id='word_1_232' title='bbox 433 3689 491 3742; x_wconf 90' lang='lat' dir='ltr'><strong>and</strong></span> <span class='ocrx_word' id='word_1_233' title='bbox 510 3686 611 3758; x_wconf 91' lang='lat' dir='ltr'><strong>simple</strong></span> <span class='ocrx_word' id='word_1_234' title='bbox 630 3685 784 3756; x_wconf 87' lang='lat' dir='ltr'><strong>interdicts,</strong></span> <span class='ocrx_word' id='word_1_235' title='bbox 803 3688 930 3746; x_wconf 86' lang='lat' dir='ltr'><strong>between</strong></span> <span class='ocrx_word' id='word_1_236' title='bbox 950 3687 998 3742; x_wconf 90' lang='lat' dir='ltr'><strong>the</strong></span> <span class='ocrx_word' id='word_1_237' title='bbox 1018 3686 1175 3757; x_wconf 87' lang='lat' dir='ltr'><strong>respective</strong></span> <span class='ocrx_word' id='word_1_238' title='bbox 1197 3686 1256 3742; x_wconf 71' lang='lat' dir='ltr'><strong>rdle</strong></span> <span class='ocrx_word' id='word_1_239' title='bbox 1273 3687 1307 3742; x_wconf 84' lang='lat' dir='ltr'><strong>of</strong></span> 
     </span>
     <span class='ocr_line' id='line_1_30' title="bbox 152 3769 1301 3841; baseline 0.002 -17"><span class='ocrx_word' id='word_1_240' title='bbox 152 3771 276 3840; x_wconf 83' lang='lat' dir='ltr'><strong>plaintilf</strong></span> <span class='ocrx_word' id='word_1_241' title='bbox 290 3772 347 3826; x_wconf 88' lang='lat' dir='ltr'><strong>and</strong></span> <span class='ocrx_word' id='word_1_242' title='bbox 359 3771 533 3837; x_wconf 87' lang='lat' dir='ltr'><strong>defendant;</strong></span> <span class='ocrx_word' id='word_1_243' title='bbox 551 3771 599 3826; x_wconf 89' lang='lat' dir='ltr'><strong>the</strong></span> <span class='ocrx_word' id='word_1_244' title='bbox 621 3771 730 3826; x_wconf 86' lang='lat' dir='ltr'><strong>burden</strong></span> <span class='ocrx_word' id='word_1_245' title='bbox 751 3769 783 3824; x_wconf 91' lang='lat' dir='ltr'><strong>of</strong></span> <span class='ocrx_word' id='word_1_246' title='bbox 798 3771 884 3840; x_wconf 88' lang='lat' dir='ltr'><strong>proof</strong></span> <span class='ocrx_word' id='word_1_247' title='bbox 898 3770 949 3825; x_wconf 91' lang='lat' dir='ltr'><strong>lies</strong></span> <span class='ocrx_word' id='word_1_248' title='bbox 969 3787 1045 3841; x_wconf 91' lang='lat' dir='ltr'><strong>upon</strong></span> <span class='ocrx_word' id='word_1_249' title='bbox 1063 3771 1111 3826; x_wconf 91' lang='lat' dir='ltr'><strong>the</strong></span> <span class='ocrx_word' id='word_1_250' title='bbox 1129 3779 1183 3825; x_wconf 90' lang='lat' dir='ltr'><strong>two</strong></span> <span class='ocrx_word' id='word_1_251' title='bbox 1196 3769 1301 3840; x_wconf 83' lang='lat' dir='ltr'><strong>parties</strong></span> 
     </span>
     <span class='ocr_line' id='line_1_31' title="bbox 152 3846 1301 3924; baseline 0.002 -18"><span class='ocrx_word' id='word_1_252' title='bbox 152 3855 272 3924; x_wconf 88' lang='lat' dir='ltr'><strong>equally,</strong></span> <span class='ocrx_word' id='word_1_253' title='bbox 291 3855 348 3908; x_wconf 87' lang='lat' dir='ltr'><strong>and</strong></span> <span class='ocrx_word' id='word_1_254' title='bbox 367 3854 525 3910; x_wconf 86' lang='lat' dir='ltr'><strong>whichever</strong></span> <span class='ocrx_word' id='word_1_255' title='bbox 542 3870 644 3924; x_wconf 85' lang='lat' dir='ltr'><strong>proves</strong></span> <span class='ocrx_word' id='word_1_256' title='bbox 662 3846 728 3909; x_wconf 83' lang='lat' dir='ltr'><strong>that</strong></span> <span class='ocrx_word' id='word_1_257' title='bbox 742 3853 779 3908; x_wconf 90' lang='lat' dir='ltr'><strong>he</strong></span> <span class='ocrx_word' id='word_1_258' title='bbox 798 3854 850 3908; x_wconf 90' lang='lat' dir='ltr'><strong>has</strong></span> <span class='ocrx_word' id='word_1_259' title='bbox 868 3863 918 3908; x_wconf 93' lang='lat' dir='ltr'><strong>not</strong></span> <span class='ocrx_word' id='word_1_260' title='bbox 937 3853 1073 3909; x_wconf 88' lang='lat' dir='ltr'><strong>obtained</strong></span> <span class='ocrx_word' id='word_1_261' title='bbox 1088 3854 1251 3924; x_wconf 82' lang='lat' dir='ltr'><strong>possession</strong></span> <span class='ocrx_word' id='word_1_262' title='bbox 1265 3853 1301 3924; x_wconf 91' lang='lat' dir='ltr'><strong>vi,</strong></span> 
     </span>
     <span class='ocr_line' id='line_1_32' title="bbox 152 3936 1301 4007; baseline 0.002 -16"><span class='ocrx_word' id='word_1_263' title='bbox 152 3937 233 4007; x_wconf 87' lang='lat' dir='ltr'><strong>clam,</strong></span> <span class='ocrx_word' id='word_1_264' title='bbox 247 3953 279 3991; x_wconf 91' lang='lat' dir='ltr'><strong>or</strong></span> <span class='ocrx_word' id='word_1_265' title='bbox 291 3937 417 4007; x_wconf 88' lang='lat' dir='ltr'><strong>precario</strong></span> <span class='ocrx_word' id='word_1_266' title='bbox 430 3937 503 3992; x_wconf 85' lang='lat' dir='ltr'><strong>from</strong></span> <span class='ocrx_word' id='word_1_267' title='bbox 515 3938 563 3992; x_wconf 87' lang='lat' dir='ltr'><strong>the</strong></span> <span class='ocrx_word' id='word_1_268' title='bbox 581 3937 662 3992; x_wconf 88' lang='lat' dir='ltr'><strong>other</strong></span> <span class='ocrx_word' id='word_1_269' title='bbox 677 3937 732 3991; x_wconf 89' lang='lat' dir='ltr'><strong>will</strong></span> <span class='ocrx_word' id='word_1_270' title='bbox 745 3936 807 4005; x_wconf 86' lang='lat' dir='ltr'><strong>win,</strong></span> <span class='ocrx_word' id='word_1_271' title='bbox 820 3937 879 3992; x_wconf 92' lang='lat' dir='ltr'><strong>and</strong></span> <span class='ocrx_word' id='word_1_272' title='bbox 894 3937 942 3992; x_wconf 89' lang='lat' dir='ltr'><strong>the</strong></span> <span class='ocrx_word' id='word_1_273' title='bbox 958 3938 1039 3992; x_wconf 91' lang='lat' dir='ltr'><strong>other</strong></span> <span class='ocrx_word' id='word_1_274' title='bbox 1052 3937 1088 3992; x_wconf 86' lang='lat' dir='ltr'><strong>be</strong></span> <span class='ocrx_word' id='word_1_275' title='bbox 1101 3938 1282 3994; x_wconf 89' lang='lat' dir='ltr'><strong>condemned</strong></span> <span class='ocrx_word' id='word_1_276' title='bbox 1294 3958 1301 4004; x_wconf 87' lang='lat'>;</span> 
     </span>
     <span class='ocr_line' id='line_1_33' title="bbox 152 4019 1299 4093; baseline 0.001 -18"><span class='ocrx_word' id='word_1_277' title='bbox 152 4021 221 4090; x_wconf 89' lang='lat' dir='ltr'><strong>‘par</strong></span> <span class='ocrx_word' id='word_1_278' title='bbox 239 4037 325 4075; x_wconf 88' lang='lat' dir='ltr'><strong>causa</strong></span> <span class='ocrx_word' id='word_1_279' title='bbox 343 4019 469 4074; x_wconf 89' lang='lat' dir='ltr'><strong>omnium</strong></span> <span class='ocrx_word' id='word_1_280' title='bbox 487 4019 611 4074; x_wconf 88' lang='lat' dir='ltr'><strong>videtur&#39;</strong></span> <span class='ocrx_word' id='word_1_281' title='bbox 631 4019 829 4090; x_wconf 84' lang='lat' dir='ltr'><strong>Dig.5.1.13,</strong></span> <span class='ocrx_word' id='word_1_282' title='bbox 849 4020 903 4089; x_wconf 89' lang='lat' dir='ltr'><strong>‘hi,</strong></span> <span class='ocrx_word' id='word_1_283' title='bbox 922 4020 1023 4093; x_wconf 90' lang='lat' dir='ltr'><strong>quibus</strong></span> <span class='ocrx_word' id='word_1_284' title='bbox 1046 4021 1181 4091; x_wconf 89' lang='lat' dir='ltr'><strong>competit</strong></span> <span class='ocrx_word' id='word_1_285' title='bbox 1203 4021 1299 4091; x_wconf 87' lang='lat' dir='ltr'><strong>(inter-</strong></span> 
     </span>
     <span class='ocr_line' id='line_1_34' title="bbox 152 4102 1300 4176; baseline 0.003 -18"><span class='ocrx_word' id='word_1_286' title='bbox 152 4103 270 4172; x_wconf 89' lang='lat' dir='ltr'><strong>dictum)</strong></span> <span class='ocrx_word' id='word_1_287' title='bbox 284 4114 311 4159; x_wconf 92' lang='lat' dir='ltr'><strong>et</strong></span> <span class='ocrx_word' id='word_1_288' title='bbox 330 4113 440 4158; x_wconf 85' lang='lat' dir='ltr'><strong>actores</strong></span> <span class='ocrx_word' id='word_1_289' title='bbox 459 4113 487 4157; x_wconf 91' lang='lat' dir='ltr'><strong>et</strong></span> <span class='ocrx_word' id='word_1_290' title='bbox 506 4102 546 4158; x_wconf 88' lang='lat' dir='ltr'><strong>rei</strong></span> <span class='ocrx_word' id='word_1_291' title='bbox 565 4104 645 4157; x_wconf 88' lang='lat' dir='ltr'><strong>sunt&#39;</strong></span> <span class='ocrx_word' id='word_1_292' title='bbox 658 4103 696 4159; x_wconf 87' lang='lat' dir='ltr'><strong>ib.</strong></span> <span class='ocrx_word' id='word_1_293' title='bbox 708 4118 750 4171; x_wconf 85' lang='lat'><strong>43.</strong></span> <span class='ocrx_word' id='word_1_294' title='bbox 769 4117 844 4172; x_wconf 54' lang='lat'><strong>174</strong></span> <span class='ocrx_word' id='word_1_295' title='bbox 863 4119 885 4172; x_wconf 83' lang='lat'><strong>1,</strong></span> <span class='ocrx_word' id='word_1_296' title='bbox 905 4105 1071 4176; x_wconf 86' lang='lat' dir='ltr'><strong>‘quaeritur,</strong></span> <span class='ocrx_word' id='word_1_297' title='bbox 1085 4105 1147 4175; x_wconf 92' lang='lat' dir='ltr'><strong>quis</strong></span> <span class='ocrx_word' id='word_1_298' title='bbox 1166 4115 1245 4160; x_wconf 86' lang='lat' dir='ltr'><strong>actor</strong></span> <span class='ocrx_word' id='word_1_299' title='bbox 1259 4106 1300 4160; x_wconf 93' lang='lat' dir='ltr'><strong>in·</strong></span> 
     </span>
    </p>
   </div>
   <div class='ocr_carea' id='block_1_6' title="bbox 51 4185 1068 4258">
    <p class='ocr_par' dir='ltr' id='par_1_6' title="bbox 51 4185 1068 4258">
     <span class='ocr_line' id='line_1_35' title="bbox 51 4185 1068 4258; baseline -0.001 -15"><span class='ocrx_word' id='word_1_300' title='bbox 51 4225 56 4235; x_wconf 87' lang='lat'>·</span> <span class='ocrx_word' id='word_1_301' title='bbox 151 4187 305 4256; x_wconf 87' lang='lat' dir='ltr'><strong>tellegitur&#39;</strong></span> <span class='ocrx_word' id='word_1_302' title='bbox 319 4185 384 4256; x_wconf 88' lang='lat' dir='ltr'><strong>Dig.</strong></span> <span class='ocrx_word' id='word_1_303' title='bbox 400 4198 422 4255; x_wconf 83' lang='lat'><strong>5.</strong></span> <span class='ocrx_word' id='word_1_304' title='bbox 440 4201 462 4240; x_wconf 87' lang='lat'><strong>1.</strong></span> <span class='ocrx_word' id='word_1_305' title='bbox 479 4201 518 4255; x_wconf 80' lang='lat'><strong>13,</strong></span> <span class='ocrx_word' id='word_1_306' title='bbox 532 4185 665 4258; x_wconf 89' lang='lat' dir='ltr'><strong>‘uterque</strong></span> <span class='ocrx_word' id='word_1_307' title='bbox 678 4196 757 4240; x_wconf 90' lang='lat' dir='ltr'><strong>actor</strong></span> <span class='ocrx_word' id='word_1_308' title='bbox 769 4189 827 4242; x_wconf 88' lang='lat' dir='ltr'><strong>est&#39;</strong></span> <span class='ocrx_word' id='word_1_309' title='bbox 840 4186 877 4244; x_wconf 90' lang='lat' dir='ltr'><strong>ib.</strong></span> <span class='ocrx_word' id='word_1_310' title='bbox 890 4201 932 4254; x_wconf 86' lang='lat'><strong>44.</strong></span> <span class='ocrx_word' id='word_1_311' title='bbox 947 4201 971 4255; x_wconf 91' lang='lat'><strong>7.</strong></span> <span class='ocrx_word' id='word_1_312' title='bbox 986 4201 1030 4256; x_wconf 91' lang='lat'><strong>37.</strong></span> <span class='ocrx_word' id='word_1_313' title='bbox 1047 4203 1068 4242; x_wconf 83' lang='lat'><strong>1.</strong></span> 
     </span>
    </p>
   </div>
   <div class='ocr_carea' id='block_1_7' title="bbox 151 4267 1299 4508">
    <p class='ocr_par' dir='ltr' id='par_1_7' title="bbox 151 4267 1299 4508">
     <span class='ocr_line' id='line_1_36' title="bbox 188 4267 1299 4341; baseline -0.001 -15"><span class='ocrx_word' id='word_1_314' title='bbox 188 4268 202 4341; x_wconf 83' lang='lat'>§</span> <span class='ocrx_word' id='word_1_315' title='bbox 216 4274 244 4326; x_wconf 85' lang='grc'><strong>8.</strong></span> <span class='ocrx_word' id='word_1_316' title='bbox 265 4271 322 4324; x_wconf 88' lang='lat' dir='ltr'><strong>For</strong></span> <span class='ocrx_word' id='word_1_317' title='bbox 334 4268 465 4324; x_wconf 89' lang='lat' dir='ltr'><strong>interdict</strong></span> <span class='ocrx_word' id='word_1_318' title='bbox 480 4269 636 4340; x_wconf 87' lang='lat' dir='ltr'><strong>procedure</strong></span> <span class='ocrx_word' id='word_1_319' title='bbox 653 4268 682 4324; x_wconf 90' lang='lat' dir='ltr'><strong>in</strong></span> <span class='ocrx_word' id='word_1_320' title='bbox 695 4270 743 4324; x_wconf 88' lang='lat' dir='ltr'><strong>the</strong></span> <span class='ocrx_word' id='word_1_321' title='bbox 760 4268 861 4324; x_wconf 88' lang='lat' dir='ltr'><strong>earlier</strong></span> <span class='ocrx_word' id='word_1_322' title='bbox 873 4269 972 4340; x_wconf 91' lang='lat' dir='ltr'><strong>period</strong></span> <span class='ocrx_word' id='word_1_323' title='bbox 987 4270 1044 4326; x_wconf 89' lang='lat' dir='ltr'><strong>and</strong></span> <span class='ocrx_word' id='word_1_324' title='bbox 1057 4269 1147 4326; x_wconf 88' lang='lat' dir='ltr'><strong>under</strong></span> <span class='ocrx_word' id='word_1_325' title='bbox 1158 4267 1299 4340; x_wconf 84' lang='lat' dir='ltr'><strong>Justinian</strong></span> 
     </span>
     <span class='ocr_line' id='line_1_37' title="bbox 151 4352 665 4423; baseline -0.006 -12"><span class='ocrx_word' id='word_1_326' title='bbox 151 4371 199 4410; x_wconf 88' lang='lat' dir='ltr'><strong>see</strong></span> <span class='ocrx_word' id='word_1_327' title='bbox 212 4355 260 4410; x_wconf 91' lang='lat' dir='ltr'><strong>the</strong></span> <span class='ocrx_word' id='word_1_328' title='bbox 273 4354 332 4408; x_wconf 87' lang='lat' dir='ltr'><strong>first</strong></span> <span class='ocrx_word' id='word_1_329' title='bbox 345 4363 412 4408; x_wconf 88' lang='lat' dir='ltr'><strong>note</strong></span> <span class='ocrx_word' id='word_1_330' title='bbox 424 4369 500 4423; x_wconf 92' lang='lat' dir='ltr'><strong>upon</strong></span> <span class='ocrx_word' id='word_1_331' title='bbox 513 4353 569 4408; x_wconf 90' lang='lat' dir='ltr'><strong>this</strong></span> <span class='ocrx_word' id='word_1_332' title='bbox 582 4352 665 4408; x_wconf 87' lang='lat' dir='ltr'><strong>Title.</strong></span> 
     </span>
     <span class='ocr_line' id='line_1_38' title="bbox 185 4434 1298 4508; baseline -0.004 -14"><span class='ocrx_word' id='word_1_333' title='bbox 185 4439 245 4494; x_wconf 67' lang='lat' dir='ltr'><strong>eir.</strong></span> <span class='ocrx_word' id='word_1_334' title='bbox 258 4440 347 4494; x_wconf 83' lang='lat' dir='ltr'>XVI.</span> <span class='ocrx_word' id='word_1_335' title='bbox 357 4439 380 4492; x_wconf 95' lang='lat'><strong>1.</strong></span> <span class='ocrx_word' id='word_1_336' title='bbox 402 4437 436 4492; x_wconf 89' lang='lat' dir='ltr'><strong>ln</strong></span> <span class='ocrx_word' id='word_1_337' title='bbox 449 4437 496 4493; x_wconf 92' lang='lat' dir='ltr'><strong>the</strong></span> <span class='ocrx_word' id='word_1_338' title='bbox 509 4435 578 4493; x_wconf 87' lang='lat' dir='ltr'><strong>time</strong></span> <span class='ocrx_word' id='word_1_339' title='bbox 587 4436 620 4492; x_wconf 90' lang='lat' dir='ltr'><strong>of</strong></span> <span class='ocrx_word' id='word_1_340' title='bbox 629 4434 717 4494; x_wconf 84' lang='lat' dir='ltr'><strong>Gaius</strong></span> <span class='ocrx_word' id='word_1_341' title='bbox 730 4435 778 4493; x_wconf 86' lang='lat' dir='ltr'><strong>the</strong></span> <span class='ocrx_word' id='word_1_342' title='bbox 791 4436 945 4494; x_wconf 82' lang='lat' dir='ltr'><strong>defendant</strong></span> <span class='ocrx_word' id='word_1_343' title='bbox 955 4436 1039 4494; x_wconf 89' lang='lat' dir='ltr'><strong>could</strong></span> <span class='ocrx_word' id='word_1_344' title='bbox 1051 4437 1087 4492; x_wconf 89' lang='lat' dir='ltr'><strong>be</strong></span> <span class='ocrx_word' id='word_1_345' title='bbox 1098 4435 1256 4508; x_wconf 88' lang='lat' dir='ltr'><strong>compelled</strong></span> <span class='ocrx_word' id='word_1_346' title='bbox 1269 4446 1298 4492; x_wconf 91' lang='lat' dir='ltr'><strong>to</strong></span> 
     </span>
    </p>
   </div>
   <div class='ocr_carea' id='block_1_8' title="bbox 0 0 1518 5016">
    <p class='ocr_par' dir='ltr' id='par_1_8' title="bbox 0 0 1518 5016">
     <span class='ocr_line' id='line_1_39' title="bbox 0 0 1518 5016; baseline 0 0"><span class='ocrx_word' id='word_1_347' title='bbox 0 0 1518 5016; x_wconf 95' lang='lat' dir='ltr'><strong> </strong></span> 
     </span>
    </p>
   </div>
  </div>
 </body>
</html>
