3166 5022
249 271 313 354 258
449 275 598 332 INSTIT
601 276 655 332 UT
655 275 802 332 IONUM
819 275 939 330 LIBRI
957 275 1194 348 QUATTUOR.
1289 278 1354 346 [Lib.
1366 283 1401 333 Il.

250 447 337 510 natis
358 445 472 530 aequis
495 467 539 509 ex
561 444 710 528 partibus
726 463 783 507 eos
797 443 936 508 heredes
951 466 1033 510 esse.
1063 445 1213 528 partibus
1227 453 1341 510 autem
1364 446 1399 510 in

248 535 457 615 quorundam
473 533 621 616 personis
642 531 814 614 expressis,
831 533 858 595 si
881 533 1061 615 quisalius
1083 534 1153 596 sine
1175 542 1270 616 parte
1293 535 1399 598 nomi·

249 645 348 701 natus
374 638 443 717 erit,
468 637 495 700 si
522 637 658 720 quidem
681 634 793 718 aliqua
822 655 898 719 pars
927 636 993 700 assi
1024 638 1139 713 deerit,
1168 659 1212 702 ex
1237 658 1276 702 ea
1302 647 1399 720 parte

247 739 343 804 heres
358 740 415 804 fit:
439 749 472 804 et
487 741 514 804 si
530 740 639 824 plures
654 739 725 803 sine
742 749 836 821 parte
851 739 963 822 scripti
985 751 1074 816 sunt,
1089 761 1204 804 omnes
1223 741 1257 804 in
1278 743 1397 806 eadem

247 857 344 928 parte
366 855 568 910 concurrent.
599 847 626 910 si
648 865 726 909 vero
748 853 839 908 totus
861 865 898 908 as
920 845 1105 928 completus
1128 847 1180 922 sit,
1207 847 1240 910 in
1267 856 1396 928 partem

248 950 421 1014 dimidiam
436 959 572 1014 vocatur
593 959 627 1014 et
647 949 702 1013 ille
723 947 777 1012 vel
800 947 845 1011 illi
867 969 984 1013 omnes
1004 949 1037 1011 in
1057 948 1196 1014 alteram
1212 951 1396 1014 dimidiam.

247 1073 309 1118 nec
338 1054 484 1134 interest,
514 1055 639 1136 primus
665 1074 708 1116 an
740 1053 868 1116 medius
896 1073 940 1116 an
975 1053 1171 1116 novissimus
1200 1054 1272 1117 sine
1301 1064 1396 1136 parte

218 1158 387 1240 7scriptus
399 1157 461 1222 sit:
485 1178 524 1221 ea
540 1159 627 1221 enim
644 1177 719 1240 pars
732 1156 811 1220 data
823 1155 1024 1240 intellegitur
1038 1177 1123 1240 quae
1138 1166 1244 1220 vacat.
1272 1156 1396 1221 Videa-

246 1281 329 1338 mus,
345 1261 372 1326 si
387 1282 463 1344 pars
478 1261 589 1344 aliqua
602 1272 698 1327 vacet
713 1281 773 1324 nec
788 1271 901 1326 tamen
917 1263 1092 1344 quisquam
1106 1263 1177 1325 sine
1191 1272 1285 1344 parte
1300 1261 1396 1326 heres

246 1364 417 1430 institutus
439 1366 491 1444 sit,
506 1366 585 1449 quid
601 1365 679 1429 iuris
694 1365 760 1430 sit?
786 1364 889 1428 veluti
908 1365 934 1429 si
955 1375 1023 1430 tres
1043 1387 1088 1430 ex
1104 1367 1229 1449 quartis
1244 1366 1396 1449 partibus

244 1468 384 1535 heredes
395 1471 508 1553 scripti
520 1481 607 1535 sunt.
633 1480 667 1534 et
682 1477 812 1534 constat
823 1481 997 1535 vacantem
1008 1479 1135 1554 partem
1146 1471 1283 1554 singulis
1293 1472 1395 1536 tacite

246 1593 308 1656 pro
337 1573 535 1640 hereditaria
560 1584 655 1658 parte
684 1575 841 1639 accedere
865 1585 899 1638 et
925 1576 1061 1658 perinde
1086 1576 1208 1654 haberi,
1234 1596 1273 1639 ac
1298 1575 1325 1638 si
1350 1597 1394 1640 ex

245 1679 352 1742 tertiis
368 1680 515 1761 partibus
532 1679 670 1744 heredes
686 1679 797 1762 scripti
820 1689 948 1743 essent:
972 1689 1006 1744 et
1022 1701 1065 1743 ex
1081 1681 1210 1744 diverso
1225 1680 1253 1743 si
1268 1679 1344 1762 plus
1359 1679 1393 1745 in

244 1784 452 1865 portionibus
474 1786 525 1861 sit,
548 1786 649 1849 tacite
674 1784 811 1867 singulis
835 1785 1030 1859 decrescere,
1054 1793 1100 1864 ut,
1123 1785 1150 1848 si
1172 1785 1264 1849 verbi
1286 1786 1394 1866 gratia

246 1896 404 1968 quattuor
426 1910 470 1952 ex
492 1891 596 1953 tertiis
618 1889 767 1971 partibus
790 1887 928 1952 heredes
950 1889 1062 1972 scripti
1086 1889 1160 1966 sint,
1175 1889 1311 1972 perinde
1333 1887 1393 1952 ha·

243 1991 393 2072 beantur,
415 2013 454 2058 ac
477 1995 504 2057 si
530 1994 756 2077 unusquisque
777 2014 821 2056 ex
844 2001 962 2076 quarta
986 2001 1080 2076 parte
1104 1995 1245 2076 scriptus
1268 1993 1393 2058 suisset.

215 2093 292 2159 8Et
313 2097 340 2159 si
362 2097 473 2180 plures
496 2099 611 2162 unciae
632 2118 733 2180 quam
757 2097 933 2160 duodecim
957 2098 1152 2162 distributae
1173 2107 1259 2176 sunt,
1279 2097 1314 2176 is,
1335 2099 1392 2180 qui

243 2199 315 2263 sine
329 2209 423 2282 parte
434 2203 602 2266 institutus
614 2211 673 2280 est,
685 2202 774 2284 quod
786 2201 945 2286 dipondio
958 2203 1051 2266 deest
1062 2200 1216 2266 habebit:
1236 2201 1393 2283 idemque

244 2305 317 2380 erit,
339 2305 366 2368 si
389 2307 566 2389 dipondius
584 2306 738 2388 expletus
753 2306 805 2370 sit.
836 2327 922 2388 quae
943 2327 1059 2372 omnes
1081 2316 1192 2389 partes
1214 2307 1257 2370 ad
1281 2326 1390 2370 assem

243 2417 361 2488 postea
376 2419 580 2487 revocantur,
595 2411 745 2492 quamvis
761 2409 827 2473 sint
842 2409 985 2492 plurium
1001 2411 1180 2474 unciarum.

213 2525 231 2581 9
288 2509 397 2576 Heres
419 2523 453 2578 et
475 2535 557 2597 pure
579 2524 614 2578 et
635 2513 698 2577 sub
721 2514 913 2578 condicione
933 2515 1059 2578 institui
1082 2523 1203 2598 potest.
1233 2533 1278 2577 ex
1300 2521 1391 2577 certo

244 2625 395 2700 tempore
410 2627 469 2683 aut
490 2619 533 2684 ad
557 2628 682 2682 certum
698 2627 832 2702 tempus
847 2640 913 2682 non
931 2629 1051 2701 potest,
1066 2619 1169 2682 veluti
1186 2625 1281 2702 ‘post
1295 2619 1391 2701 quin·

242 2722 424 2801 quennium
447 2743 547 2805 quam
571 2719 708 2788 moriar’
723 2723 776 2786 vel
791 2727 853 2787 ‘ex
868 2723 1018 2787 kalendis
1033 2719 1116 2786 illis’
1131 2732 1189 2786 aut
1207 2721 1390 2804 ‘usquead

242 2825 403 2891 kalendas
419 2827 492 2891 illas
506 2827 601 2892 heres
616 2825 720 2892 esto':
744 2827 900 2909 diemque
918 2827 1085 2891 adiectum
1106 2847 1165 2910 pro
1187 2844 1390 2908 supervacuo

241 2929 355 2994 haberi
378 2929 486 3015 placet
502 2943 535 2998 et
550 2933 687 3016 perinde
701 2952 782 3008 esse,
798 2953 837 2997 ac
853 2932 880 2995 si
896 2953 977 3016 pure
994 2931 1090 2996 heres
1106 2931 1277 2995 institutus
1293 2939 1390 2996 esset.

276 3161 291 3228 §
306 3163 335 3216 9.
353 3161 377 3215 F
378 3177 411 3216 or
422 3161 553 3217 condicio
565 3161 623 3217 and
636 3160 698 3216 dies
710 3160 739 3216 in
751 3161 867 3232 general
880 3178 929 3217 see
941 3177 987 3232 pp.
1006 3172 1126 3231 152-154
1139 3177 1214 3231 supr.
1246 3162 1292 3216 An
1306 3159 1389 3216 exhe-

239 3246 370 3302 redation
382 3248 465 3302 could
478 3257 528 3302 not
540 3245 577 3303 be
589 3245 673 3301 made
692 3245 801 3315 subject
820 3255 850 3300 to
865 3262 883 3300 a
900 3244 1045 3300 condition
1058 3246 1154 3302 unless
1166 3245 1215 3300 the
1227 3243 1304 3299 child
1317 3260 1389 3300 were

241 3329 388 3387 instituted
401 3330 429 3386 in
442 3332 491 3386 the
503 3341 634 3399 contrary
646 3339 739 3398 event,
754 3329 820 3399 Dig.
834 3329 876 3384 28.
892 3341 914 3398 5.
928 3343 954 3397 4,
967 3328 1004 3384 ib.
1017 3329 1043 3384 6.
1059 3345 1082 3385 1.

276 3415 339 3469 The
356 3413 513 3469 institution
528 3413 561 3468 os
573 3430 610 3468 an
626 3413 688 3468 heir
705 3430 740 3467 ex
758 3421 885 3482 tempore
906 3429 937 3466 or
952 3411 990 3467 ad
1006 3423 1118 3484 tempus
1133 3411 1160 3482 (1.
1170 3429 1196 3468 e.
1209 3429 1243 3467 ex
1256 3411 1303 3468 die
1315 3427 1347 3466 or
1359 3409 1388 3466 in

239 3496 338 3567 diem),
346 3514 378 3552 or
387 3497 496 3568 subject
508 3507 538 3552 to
551 3513 568 3552 a
580 3495 731 3551 resolutive
743 3495 898 3562 condition,
906 3495 1000 3550 would
1008 3496 1112 3552 violate
1122 3497 1170 3552 the
1182 3494 1288 3550 maxim
1300 3495 1389 3550 semel

239 3581 330 3650 heres,
344 3597 456 3651 semper
467 3582 559 3649 heres,
568 3579 627 3635 and
644 3580 715 3634 such
733 3579 941 3650 qualifications
954 3597 1027 3635 were
1043 3578 1224 3648 accordingly
1237 3578 1324 3634 taken
1336 3594 1388 3648 pro

238 3680 298 3718 non
316 3663 427 3734 scriptis
451 3663 517 3733 Dig.
530 3664 573 3719 28.
588 3675 611 3733 5.
624 3677 667 3732 34,
680 3661 718 3717 ib.
736 3663 780 3732 88,
799 3673 900 3733 except
919 3662 949 3717 in
967 3663 1095 3718 soldiers'
1114 3662 1193 3731 wills‚
1213 3660 1281 3731 Dig.
1299 3676 1343 3731 29.
1364 3675 1388 3718 ι.

240 3761 282 3814 17.
295 3764 348 3817 pr.,
361 3746 390 3801 in
403 3746 494 3801 which
507 3747 556 3802 the
568 3746 651 3802 effect
664 3746 696 3800 of
705 3763 723 3802 a
735 3746 796 3802 dies
809 3765 843 3802 ex
856 3764 912 3818 quo
924 3763 982 3802 was
995 3746 1129 3816 delation,
1139 3745 1210 3801 until
1222 3746 1271 3800 the
1286 3743 1388 3800 arrival

238 3831 271 3885 ol
289 3831 338 3886 the
358 3831 427 3900 dies,
444 3841 473 3886 to
493 3832 542 3885 the
561 3829 694 3886 intestate
715 3830 800 3900 heirs,
818 3831 884 3900 Dig.
898 3845 940 3900 29.
957 3845 978 3886 1.
991 3845 1036 3898 41.
1049 3847 1100 3900 pr,
1114 3831 1176 3885 that
1194 3828 1228 3883 ot
1241 3847 1259 3884 a
1278 3827 1339 3885 dies
1358 3827 1386 3884 in

238 3931 332 3986 quem,
340 3931 373 3968 or
384 3915 433 3969 the
442 3913 590 3969 fulfilment
603 3915 636 3969 of
644 3931 662 3969 a
670 3914 821 3970 resolutive
834 3914 979 3970 condition
992 3931 1050 3970 was
1063 3924 1093 3970 to
1106 3912 1173 3968 shist
1185 3913 1234 3968 the
1243 3911 1387 3969 hereditas

238 4013 275 4050 on
288 4006 318 4050 to
331 3998 379 4052 the
391 3996 567 4066 substitutus,
580 4015 619 4067 or,
633 3997 658 4052 is
665 3999 744 4053 there
757 4015 829 4054 were
842 4015 925 4068 none,
938 4007 968 4053 to
981 3998 1029 4053 the
1042 3997 1163 4053 heredes
1176 3997 1214 4051 ab
1226 3995 1370 4052 intestato.

272 4081 352 4136 Thus
370 4081 419 4136 the
437 4081 504 4151 only
522 4081 666 4136 condition
685 4099 760 4152 upon
780 4081 871 4136 which
892 4099 929 4136 an
949 4080 1083 4150 ordinary
1099 4079 1258 4136 institution
1277 4096 1331 4134 can
1349 4079 1387 4136 be

237 4164 322 4220 made
334 4175 364 4220 to
377 4164 490 4236 depend
508 4165 532 4220 is
551 4183 568 4220 a
586 4164 751 4236 suspensive
764 4181 827 4220 one.
864 4165 926 4220 The
939 4165 1021 4220 effect
1035 4164 1067 4219 of
1076 4163 1133 4220 this
1146 4181 1212 4233 was,
1226 4162 1342 4232 strictly,
1355 4172 1385 4218 to

235 4257 376 4318 postpone
388 4248 494 4304 delatio
506 4259 536 4304 to
548 4249 596 4304 the
610 4248 752 4304 institutus
765 4249 807 4304 till
819 4249 868 4304 the
887 4248 1032 4305 condition
1046 4265 1104 4304 was
1122 4247 1248 4316 sulfilled,
1262 4245 1328 4315 Dig.
1342 4261 1384 4315 29t

237 4345 259 4385 a
276 4332 366 4402 369:
384 4333 435 4388 but
450 4333 499 4388 the
515 4331 630 4402 opinion
647 4333 681 4386 os
696 4333 809 4388 Mucius
827 4334 965 4388 Scaevola
982 4349 1039 4388 was
1058 4331 1206 4402 gradually
1218 4329 1386 4400 recognised

236 4427 268 4470 es
281 4415 343 4484 law,
355 4415 416 4472 that
429 4433 447 4472 a
459 4433 562 4488 person
574 4415 722 4473 instituted
734 4416 825 4472 under
837 4433 855 4472 a
867 4415 997 4473 condicio
1010 4432 1068 4472 non
1084 4413 1207 4472 faciendi
1220 4412 1385 4486 practically
