3028 5016
128 275 239 342 Tuas]
456 273 516 328 DE
537 271 732 330 PUBLICIS
751 271 939 330 IUDICIIS.
1055 269 1057 272 ’
1215 262 1279 346 609

130 443 304 515 necaverit,
322 462 462 525 poenam
479 442 562 524 legis
580 441 754 508 Corneliae
769 443 811 506 de
831 441 954 506 sicariis
970 441 1154 505 sustinebit.
1191 435 1277 504 Item
1294 449 1310 503 7

129 549 186 613 lex
218 545 371 612 Cornelia
401 547 444 610 de
472 545 573 626 falsis,
604 567 690 628 quae
725 547 825 610 etiarn
856 547 1105 610 testamentaria
1134 555 1278 620 vocatur,

129 671 271 736 poenam
295 652 417 734 irrogat
440 651 478 728 ei,
501 651 557 733 qui
580 659 818 715 testamentum
836 651 889 715 vel
913 649 1002 714 aliud
1024 652 1279 716 instrumentum

129 755 247 820 falsum
263 755 429 838 scripserit
444 754 622 837 signaverit
639 755 825 818 recitaverit
845 755 1021 820 subiecerit
1036 755 1134 838 quive
1148 755 1279 836 signum

130 859 352 925 adulterinum
376 858 491 923 iecerit
517 858 690 942 sculpserit
715 861 915 941 expresserit
939 859 1045 926 sciens
1072 857 1151 923 dolo
1181 857 1280 921 malo.

130 965 265 1047 eiusque
286 963 368 1047 legis
391 984 499 1046 poena
520 965 553 1027 in
577 985 689 1028 servos
711 963 866 1028 ultimum
886 963 1082 1046 supplicium
1107 972 1167 1039 est,
1190 964 1280 1045 quod

131 1080 164 1135 et
191 1071 224 1134 in
250 1070 326 1152 lege
352 1069 395 1132 de
426 1069 549 1134 sicariis
576 1080 609 1134 et
636 1068 791 1133 veneficis
814 1079 969 1148 servatur,
996 1068 1029 1131 in
1053 1068 1174 1131 liberos
1203 1088 1281 1130 vero

130 1175 329 1258 deportatio.
376 1173 462 1237 Item
478 1173 536 1237 lex
553 1174 638 1237 Iulia
653 1174 696 1237 de
711 1175 743 1238 vi
759 1173 892 1256 publica
909 1193 966 1237 seu
982 1173 1109 1264 privata
1125 1172 1310 1238 adversusss

132 1301 189 1344 eos
205 1277 359 1356 exoritur,
372 1279 428 1360 qui
440 1279 508 1342 vim
523 1277 575 1343 vel
590 1288 753 1342 armatam
775 1277 826 1341 vel
842 1277 912 1341 sine
932 1277 1031 1341 armis
1046 1276 1280 1341 commiserint.

131 1385 189 1448 sed
206 1383 232 1446 si
249 1384 384 1468 quidem
400 1391 528 1447 armata
543 1383 592 1447 vis
607 1379 772 1464 arguatur,
788 1382 975 1464 deportatio
996 1382 1024 1444 ei
1044 1401 1087 1446 ex
1107 1380 1180 1464 lege
1197 1379 1281 1444 Iulia

132 1489 175 1551 de
191 1488 223 1551 vi
239 1486 371 1570 publica
392 1487 572 1569 irrogatur:
595 1487 622 1549 si
642 1505 721 1549 vero
743 1486 814 1550 sine
833 1485 940 1558 armis,
957 1484 989 1548 in
1005 1487 1281 1567 tertiampartem

131 1593 295 1656 bonorum
321 1589 502 1673 publicatio
529 1590 718 1672 imponitur.
775 1589 825 1654 sin
852 1601 964 1654 autem
991 1609 1050 1672 per
1074 1590 1142 1653 vim
1169 1597 1283 1671 raptus

131 1697 264 1778 virginis
290 1694 342 1758 vel
372 1695 492 1758 viduae
518 1694 570 1758 vel
601 1694 861 1758 sanctimonialis
890 1693 942 1758 vel
973 1692 1058 1756 aliae
1086 1691 1184 1756 fuerit
1209 1713 1284 1776 per-

131 1809 289 1884 petratus,
304 1807 381 1862 tunc
403 1808 436 1862 et
456 1807 645 1881 peccatores
664 1807 697 1863 et
719 1799 757 1876 ei,
772 1797 826 1881 qui
844 1817 943 1880 opem
966 1795 1093 1880 flagitio
1113 1797 1284 1875 dederunt,

133 1904 241 1986 capite
256 1904 438 1987 puniuntur
452 1903 632 1966 secundum
649 1913 781 1966 nostrae
795 1902 1037 1967 constitutionis
1048 1901 1284 1980 definitionem,

133 2023 259 2090 ex·qua
273 2007 356 2071 haec
371 2007 518 2089 apertius
533 2007 691 2089 possibile
707 2016 757 2072 est
778 2007 870 2071 scire.
918 2005 992 2068 Lex
1015 2005 1098 2068 Iulia
1113 2005 1284 2088 peculatus
1297 2013 1315 2070 9

133 2133 190 2176 eos
216 2111 320 2195 punit,
348 2111 404 2194 qui
431 2112 606 2194 pecuniam
629 2111 682 2175 vel
710 2131 778 2174 rem
803 2109 970 2194 publicam
995 2109 1048 2173 vel
1075 2129 1202 2173 sacram
1232 2111 1284 2175 vel

171 2315 225 2387 57.
245 2316 315 2372 This
340 2318 393 2382 lex,
418 2315 509 2371 which
535 2315 559 2371 is
584 2316 676 2371 called
702 2315 833 2370 Cornelia
856 2313 1071 2371 testamentaria
1094 2315 1224 2370 numaria
1247 2315 1286 2386 by

135 2401 235 2458 Cicero
249 2401 289 2472 (in
306 2403 425 2456 Verrem
442 2415 483 2455 21.
497 2398 554 2470 42),
569 2417 625 2455 was
643 2399 748 2470 passed
764 2399 802 2468 by
816 2399 895 2454 Sulla
907 2399 994 2454 about
1011 2400 1059 2454 the
1078 2415 1156 2454 same
1172 2398 1240 2454 time
1253 2416 1285 2454 as

133 2486 195 2541 that
209 2485 244 2540 de
257 2484 365 2540 sicariis
380 2483 406 2556 (ξ
420 2497 433 2554 5
447 2481 534 2555 supr.)
572 2484 634 2540 The
648 2483 757 2538 offence
770 2483 794 2538 is
811 2483 924 2538 defined
937 2481 965 2536 in
980 2481 1045 2553 Dig.
1059 2483 1103 2550 48.
1120 2498 1159 2538 10.
1173 2497 1207 2550 ²3
1221 2481 1286 2537 ‘ial-
1369 2497 1371 2501 ’

134 2586 197 2624 sum
211 2568 321 2624 videtur
334 2567 363 2624 id
376 2586 448 2637 esse,
462 2567 485 2623 si
505 2567 568 2639 quis
582 2567 704 2623 alienum
718 2566 937 2638 chirographum
954 2565 1086 2636 imitetur,
1100 2576 1148 2621 aut
1161 2566 1286 2624 libellum

134 2653 179 2708 vel
191 2651 315 2708 rationes
334 2651 483 2708 intercidat
502 2652 546 2707 vel
564 2651 715 2720 describat,
734 2667 791 2704 non
811 2649 859 2721 qui
880 2649 969 2706 alias.
983 2691 990 2706 .
1004 2691 1011 2706 .
1025 2648 1215 2706 mentiuntur!
1253 2652 1287 2705 ln

133 2738 183 2794 the
205 2735 318 2792 collatio
337 2737 432 2808 legum
453 2739 525 2792 Mos.
546 2747 574 2791 et
594 2737 676 2790 Rom.
697 2734 763 2804 (viii.
778 2733 806 2802 7)
828 2733 935 2805 Ulpian
954 2735 1058 2805 speaks
1077 2735 1142 2790 oia
1160 2744 1286 2790 senatus·

135 2821 245 2876 consult
258 2819 343 2875 made
356 2821 437 2874 when
454 2819 582 2875 Statilius
600 2820 657 2875 and
674 2821 785 2874 Taurus
798 2835 870 2872 were
891 2819 1012 2888 consuls,
1026 2817 1119 2873 which
1131 2819 1206 2874 dealt
1220 2819 1287 2875 with

134 2903 270 2974 surgeries
289 2903 321 2957 oi
336 2903 503 2958 documents
522 2905 604 2959 other
622 2904 691 2958 than
711 2902 789 2971 wills,
807 2912 838 2956 to
857 2900 957 2972 which,
970 2918 1002 2958 as
1022 2900 1046 2956 is
1065 2901 1141 2958 clear
1159 2902 1230 2958 from
1250 2902 1287 2958 its

135 3004 228 3055 name,
241 2987 290 3042 the
303 2987 347 3041 lex
361 2986 492 3041 Cornelia
505 2987 671 3058 principally
684 2985 800 3041 related.
837 2987 900 3040 The
917 2984 1099 3055 punishment
1117 2985 1149 3040 of
1162 2985 1287 3042 lreemen

135 3070 178 3124 sor
191 3068 302 3138 forgery
314 3085 407 3124 seems
421 3078 451 3124 to
463 3071 535 3124 have
549 3069 645 3125 varied
660 3070 746 3122 much
759 3068 825 3122 with
839 3068 911 3122 their
923 3068 995 3122 rank
1008 3067 1065 3122 and
1082 3069 1131 3124 the
1148 3067 1287 3140 enormity

136 3153 169 3207 ol
178 3153 226 3207 the
240 3151 357 3220 offence,
368 3151 560 3207 ‘honestiores
573 3194 579 3206 .
593 3193 600 3208 .
616 3193 623 3207 .
637 3151 664 3204 in
679 3151 799 3205 insulam
809 3151 994 3220 deportantur
1007 3191 1014 3206 .
1027 3191 1033 3206 .
1045 3191 1054 3206 .
1066 3151 1229 3206 humiliores
1239 3163 1287 3208 aut

136 3236 165 3292 in
178 3236 323 3292 metallum
336 3235 515 3304 damnantur,
529 3246 577 3290 aut
591 3233 619 3288 in
633 3251 746 3289 crucem
758 3234 907 3289 tolluntur’
921 3235 998 3289 Paul.
1013 3244 1085 3289 sent.
1100 3251 1154 3290 rec.
1171 3247 1194 3304 5.
1209 3249 1224 3288 2
1228 3247 1251 3305 5.
1265 3250 1287 3304 1,

137 3319 204 3391 ‘pro
221 3318 307 3373 modo
320 3317 415 3374 delicti
433 3329 481 3373 aut
498 3318 660 3388 relegantur
678 3327 726 3372 aut
744 3317 837 3387 capite
854 3315 1023 3387 puniuntur'
1041 3315 1079 3372 ib.
1096 3331 1137 3386 13,
1157 3316 1286 3388 ‘capitali

134 3401 283 3474 supplicio,
306 3400 330 3456 si
356 3401 385 3456 id
408 3401 502 3472 exigat
527 3400 695 3472 magnitudo
719 3397 873 3471 commissi,
895 3401 940 3457 vel
965 3399 1287 3471 deportatione.;.im-

136 3487 277 3543 minente’
290 3485 360 3542 Cod.
375 3501 399 3556 9.
414 3501 458 3542 22.
471 3501 514 3541 22.

173 3569 229 3642 §⁸-
249 3571 311 3626 The
329 3587 408 3626 same
421 3569 584 3626 distinction
603 3569 731 3626 between
751 3569 850 3624 armed
867 3568 925 3624 and
940 3568 1077 3623 unarmed
1090 3567 1216 3626 violence
1229 3587 1287 3626 was

137 3655 233 3710 drawn
251 3655 290 3724 by
302 3655 350 3710 the
367 3665 481 3726 praetor
493 3655 521 3709 in
534 3653 667 3710 interdict
679 3655 752 3720 law;
772 3671 821 3709 see
834 3669 871 3708 on
885 3651 938 3707 Tit.
957 3653 996 3708 16.
1010 3652 1028 3707 6
1040 3669 1116 3724 supr.
1153 3654 1287 3710 Between

136 3739 185 3794 the
203 3747 364 3794 enactment
384 3739 416 3792 of
431 3741 479 3794 the
498 3740 542 3793 lex
562 3737 634 3794 lulla
652 3738 710 3796 and
727 3737 891 3808 Justinian’s
910 3736 979 3792 time
996 3737 1045 3792 the
1062 3738 1177 3808 penalty
1189 3738 1233 3794 ior
1244 3738 1287 3794 vis

96 3823 99 3829 '
137 3831 247 3878 armata
268 3839 360 3876 seems
382 3821 459 3877 often
481 3832 511 3877 to
530 3823 603 3876 bave
622 3823 695 3878 been
715 3821 801 3876 death
822 3821 912 3890 (Paul.
926 3830 997 3876 sent.
1011 3837 1067 3877 rec.
1083 3833 1104 3891 5.
1120 3821 1163 3876 26.
1180 3837 1202 3891 1,
1216 3823 1286 3882 Cod.

137 3905 246 3960 Theod.
260 3919 284 3974 9.
302 3919 341 3958 ιο.
358 3903 391 3972 1),
405 3904 505 3973 which,
518 3906 656 3972 however,
670 3922 726 3960 was
739 3905 789 3960 but
807 3904 917 3960 seldom
931 3903 1056 3961 inflicted
1073 3904 1102 3960 in
1118 3906 1166 3962 the
1181 3906 1287 3962 latter's

136 3988 215 4055 time,
232 3989 302 4043 Cod.
315 4002 340 4056 9.
357 4003 396 4042 12.
410 4000 425 4054 7
439 3988 496 4042 and
509 3988 535 4056 8,
550 3987 616 4058 Dig.
629 3989 672 4054 48.
686 3988 711 4044 6.
729 4003 767 4042 ro
783 4003 808 4044 2.
846 3987 1076 4044 Sanctimonialis
1094 3987 1119 4044 is
1138 3989 1286 4058 explained

136 4073 177 4142 by
188 4071 354 4142 Augustine,
369 4072 458 4126 Serm.
473 4086 506 4140 23
520 4071 649 4142 ‘propria
661 4081 690 4127 et
703 4070 891 4126 excellentiori
906 4071 1056 4127 sanctitate
1069 4069 1200 4140 virgines,
1213 4090 1286 4142 quae

137 4156 167 4212 in
186 4155 306 4211 ecclesia
323 4154 513 4225 nominantur,
526 4172 616 4226 quas.
632 4153 818 4212 ..usitatiore
836 4155 974 4209 vocabulo
991 4152 1221 4210 sanctimoniales
1237 4171 1286 4226 ap·

137 4239 243 4311 pellare
271 4237 504 4294 consuevimus:’
528 4238 563 4294 cf.
583 4238 653 4295 Cod.
674 4255 694 4294 ι.
713 4253 736 4307 3.
758 4251 791 4308 54
816 4237 972 4308 ‘virginum
1000 4237 1045 4292 vel
1070 4235 1218 4292 viduarum
1242 4241 1287 4293 vel

137 4321 371 4392 diaconissarum,
391 4337 463 4393 quae
484 4323 548 4378 Deo
566 4321 669 4378 luerint
688 4321 854 4378 dedicatae)

175 4404 189 4478 ξ
203 4409 231 4464 9.
251 4407 314 4464 The
323 4405 372 4463 lull
385 4405 445 4464 title
455 4406 488 4462 of
495 4405 552 4464 this
562 4417 666 4464 statute
677 4423 734 4462 was
743 4405 802 4462 ‘lex
816 4405 887 4462 lulia
895 4405 1041 4478 peculatus
1051 4413 1079 4460 et
1093 4401 1128 4458 de
1141 4401 1286 4474 sacrilegis

688 4510 852 4562 Rr.
