3148 5024
184 317 300 386 Titan]
330 316 391 370 DE
407 313 591 370 OBLIGAT
591 314 766 371 IONJBUS
782 315 913 388 QUASI
920 317 981 372 EX
990 317 1100 374 CONT
1099 317 1211 374 RACT
1214 320 1246 378 U.
1268 321 1333 392 445

186 480 306 544 iudicio
322 503 366 545 ex
381 480 432 545 his
448 481 554 546 causis
577 480 742 564 obligatus
763 490 824 546 est.
872 482 980 547 Heres
999 504 1130 568 quoque
1147 483 1331 568 legatorum
1347 505 1364 558 5

186 585 319 649 nomine
335 605 400 648 non
417 585 548 668 proprie
566 606 611 648 ex
626 594 794 650 contractu
816 587 982 670 obligatus
999 587 1198 670 intellegitur
1212 584 1334 673 (neque

186 688 364 752 enimcum
385 689 507 752 herede
531 709 637 772 neque
657 710 732 754 curn
753 688 909 756 defuncto
930 691 1034 754 ullum
1053 692 1222 774 negotium
1244 692 1334 774 lega-

185 793 287 855 tarius
302 793 441 874 gessisse
453 794 583 876 proprie
594 794 658 858 dici
674 791 816 880 potest):
839 805 872 859 et
889 805 1010 870 tamen,
1023 796 1100 878 quia
1113 817 1157 860 ex
1173 795 1334 860 maleficio

186 915 253 959 non
269 907 320 961 est
335 897 500 982 obligatus
512 899 617 974 heres,
630 900 724 982 quasi
741 921 785 964 ex
801 909 970 965 contractu
987 901 1108 964 debere
1124 900 1334 984 intellegitur.

187 999 274 1064 Item
297 1001 333 1080 is,
356 1004 408 1066 cui
434 1003 507 1086 quis
532 1023 592 1086 per
614 1023 756 1068 errorem
781 1024 847 1068 non
874 1005 1023 1069 debiturn
1048 1004 1153 1083 solvit,
1174 1007 1266 1088 quasi
1290 1023 1366 1078 exe,

186 1114 356 1170 contractu
373 1107 495 1171 debere
509 1109 647 1172 videtur.
684 1109 769 1173 ad'eo
793 1110 880 1174 eninr
903 1130 968 1172 non
990 1109 1190 1191 intellegitur
1205 1111 1335 1192 proprie

187 1229 231 1271 ex
255 1221 425 1275 contractu
448 1210 625 1294 obligatus,
648 1221 695 1289 ut,
719 1212 745 1276 si
769 1213 941 1277 certiorem
965 1214 1126 1278 rationem
1150 1233 1334 1296 sequamur,

186 1313 293 1395 magis
309 1323 345 1377 ut
356 1335 454 1396 supra
466 1315 612 1379 diximus
624 1337 668 1378 ex
683 1317 853 1393 distractu,
866 1337 966 1400 quarn
984 1337 1027 1380 ex
1044 1325 1213 1380 contractu
1231 1318 1335 1399 possit

187 1417 252 1480 dici
279 1418 445 1500 obligatus
466 1435 554 1483 esse:
578 1441 655 1483 narn
680 1421 737 1504 qui
758 1421 906 1485 solvendi
930 1422 1041 1486 animo
1066 1422 1239 1504 pecuniam
1265 1423 1333 1498 dat,

186 1521 219 1584 in
242 1521 303 1588 hoc
327 1524 405 1587 dare
419 1524 557 1602 videtur,
573 1533 610 1590 ut
633 1524 794 1590 distrahat
816 1527 925 1610 potius
948 1527 1117 1608 negotium
1138 1543 1239 1608 quarn
1256 1546 1333 1589 con·

184 1625 304 1690 trahat.
348 1628 407 1690 sed
434 1637 547 1691 tamen
577 1629 714 1712 proinde
741 1630 768 1694 is
793 1631 850 1712 qui
880 1631 1008 1713 accepit
1037 1629 1211 1712 obligatur,
1242 1649 1280 1692 ac
1307 1629 1333 1692 si

186 1741 337 1794 mutuum
365 1731 411 1794 illi
437 1733 578 1811 daretur,
606 1743 638 1798 et
663 1735 738 1798 ideo
762 1736 969 1800 condictione
993 1745 1133 1798 tenetur.
1180 1734 1236 1796 Ex
1262 1733 1365 1816 qui-7

184 1834 326 1899 busdam
353 1847 466 1900 tamen
494 1837 600 1902 causis
627 1839 730 1922 repeti
757 1860 823 1902 non
851 1849 971 1921 potest,
999 1840 1086 1922 quod
1111 1859 1170 1922 per
1192 1858 1332 1901 errorem

185 1957 251 2000 non
273 1938 423 2004 debitum
451 1939 595 2004 solutum
623 1942 675 2006 sit.
712 1941 759 2006 sic
780 1964 923 2026 namque
947 1943 1164 2006 definiverunt
1186 1951 1333 2005 veteres:

185 2062 229 2105 ex
252 2045 371 2127 quibus
393 2046 500 2109 causis
522 2046 694 2110 infitiando
718 2045 757 2110 lis
780 2049 904 2126 crescit,
921 2067 964 2110 ex
986 2046 1037 2111 his
1062 2047 1166 2112 causis
1188 2067 1253 2108 non
1273 2047 1331 2109 de·

184 2147 292 2211 bitum
309 2148 454 2213 solutum
477 2150 581 2232 repeti
604 2170 670 2213 non
693 2171 799 2234 posse,
815 2150 917 2214 veluti
939 2173 983 2214 ex
1005 2150 1077 2232 lege
1093 2149 1238 2232 Aquilia,
1254 2150 1332 2212 item

185 2271 229 2314 ex
245 2251 365 2336 legato.
401 2255 490 2336 quod
507 2264 633 2319 veteres
655 2256 790 2338 quidem
815 2255 848 2318 in
870 2254 922 2318 his
943 2254 1062 2337 legatis
1083 2253 1191 2316 locum
1212 2253 1335 2318 habere

184 2357 368 2438 voluerunt,
384 2379 470 2441 quae
490 2369 580 2423 certa
600 2361 779 2424 constituta
803 2380 862 2442 per
877 2359 1125 2423 damnationem
1142 2357 1335 2440 cuicumque

185 2460 316 2526 fuerant
336 2461 465 2546 legata:
488 2473 600 2528 nostra
623 2474 734 2528 autern
751 2463 943 2528 constitutio
965 2482 1039 2526 curn
1062 2481 1161 2524 unam
1183 2470 1334 2526 naturam

185 2567 339 2630 omnibus
369 2566 487 2650 legatis
515 2575 548 2631 et
575 2567 839 2632 fideicommissis
867 2566 1011 2640 indulsit,
1039 2565 1228 2628 huiusmodi
1254 2585 1335 2648 aug·

186 2680 336 2734 mentum
361 2671 393 2734 in
417 2671 570 2735 omnibus
591 2672 709 2755 legatis
726 2680 759 2736 et
781 2670 1043 2736 fideicommissis
1059 2671 1195 2733 extendi
1210 2669 1333 2733 voluit:

185 2775 244 2838 sed
268 2795 334 2838 non
357 2777 511 2839 omnibus
534 2763 700 2859 legatariis
721 2777 881 2859 praebuit,
899 2775 957 2840 sed
979 2775 1211 2840 tantummodo
1232 2775 1264 2837 in
1283 2773 1335 2837 his

185 2877 304 2962 legatis
325 2890 358 2945 et
385 2879 655 2961 fideicommissis,
681 2903 767 2965 quae
793 2881 1010 2946 sacrosanctis
1035 2878 1180 2944 ecclesiis
1202 2879 1335 2943 ceteris·

185 3004 250 3065 que
279 2984 518 3047 venerabilibus
548 2983 637 3064 locis,
661 3006 746 3068 quae
777 2985 943 3068 religionis
970 2984 1021 3047 vel
1048 2983 1181 3065 pietatis
1211 2983 1332 3047 intuitu

184 3086 450 3164 honorificantur,
470 3088 626 3154 derelicta
647 3100 732 3170 sunt,
751 3109 838 3173 quae
859 3090 885 3152 si
907 3087 1054 3153 indebita
1073 3087 1251 3163 solvantur,
1268 3106 1334 3152 non

185 3200 387 3273 repetuntur.

221 3459 278 3532 §5.
299 3463 332 3516 ln
346 3462 434 3518 Gaius
448 3463 475 3518 ii.
490 3476 523 3534 35
542 3464 600 3519 and
618 3463 660 3534 36,
673 3465 721 3519 the
734 3462 822 3519 aditio
841 3463 874 3517 oi
886 3463 934 3518 the
954 3461 1105 3530 hereditas,
1120 3461 1210 3516 which
1225 3471 1334 3516 creates

184 3544 240 3600 this
251 3546 518 3617 quasi-contractual
531 3548 649 3603 relation
663 3549 790 3604 between
803 3549 885 3602 heres
899 3547 955 3602 and
968 3543 1104 3616 legatarii,
1118 3545 1141 3599 is
1155 3544 1233 3600 itself
1242 3543 1333 3598 called

185 3629 328 3700 obligatio.
365 3631 531 3702 Where'the
550 3649 595 3686 res
612 3632 706 3702 legata
724 3649 781 3686 was
799 3630 914 3701 specific
932 3639 1066 3701 property
1078 3629 1110 3684 oi
1125 3630 1174 3684 the
1193 3629 1334 3683 testator's

185 3727 256 3783 own,
269 3716 318 3769 the
329 3715 438 3784 legates
451 3716 509 3770 had
522 3733 539 3770 a
552 3715 625 3786 right
639 3715 667 3770 in
681 3733 750 3781 rem,
762 3715 820 3770 and
833 3715 917 3770 could
929 3731 1045 3770 recover
1057 3712 1077 3770 it
1090 3713 1129 3784 by
1142 3711 1302 3769 vindicatio.

222 3793 278 3866 ξθ,
299 3797 340 3852 Cf.
355 3797 410 3852 Tit.
427 3813 466 3865 14.
483 3814 493 3852 1
509 3799 567 3854 and
579 3810 668 3869 notes,
683 3816 757 3870 supr.

222 3877 276 3950 57.
296 3881 359 3935 The
378 3897 458 3936 cases
477 3881 509 3936 oi
524 3881 557 3936 lis
576 3899 706 3938 crescens
725 3879 908 3938 enumerated
927 3881 965 3951 by
979 3880 1067 3936 Gaius
1085 3880 1113 3935 in
1132 3881 1168 3936 iv.
1182 3897 1200 3950 9
1212 3879 1269 3935 and
1286 3893 1331 3946 171

185 3979 234 4018 are
247 3963 295 4018 the
308 3963 434 4018 actiones
447 3963 570 4034 iudicati,
584 3967 700 4036 depensi
715 3965 792 4036 (note
805 3983 842 4020 on
853 3963 908 4020 Tit.
920 3979 961 4019 20.
973 3981 1014 4034 pr.
1024 3963 1110 4034 supr.)
1124 3963 1220 4018 damni
1234 3962 1335 4017 iniuria

185 4063 220 4101 ex
233 4047 294 4112 lege
308 4045 430 4116 Aquilia,
441 4047 498 4100 and
511 4049 571 4101 that
583 4049 627 4102 sor
638 4049 686 4104 the
699 4065 833 4118 recovery
843 4047 876 4102 ot'
884 4065 902 4102 a
914 4047 1038 4116 legatum
1052 4063 1101 4116 per
1112 4045 1334 4100 damnationem.

185 4128 305 4185 Besides
319 4127 418 4184 claims
430 4129 473 4184 ior
485 4129 606 4199 legacies
619 4131 656 4186 ad
669 4131 730 4202 pias
744 4149 845 4187 causas
859 4131 913 4200 (lor
925 4129 1016 4184 which
1030 4130 1064 4184 cf.
1076 4129 1127 4202 Bk.
1138 4128 1173 4183 iv.
1184 4129 1209 4182 6.
1223 4142 1254 4196 19
1264 4125 1334 4196 ini),

184 4230 227 4268 we
236 4223 312 4268 must
322 4212 380 4268 add
392 4213 440 4267 the
453 4211 562 4267 actions
576 4230 612 4266 on
625 4213 785 4285 depositum
795 4213 956 4269 miserabile
966 4213 1042 4283 (note
1053 4229 1090 4266 on
1101 4211 1155 4266 Tit.
1170 4225 1208 4278 14.
1220 4225 1236 4278 3
1247 4207 1333 4279 supr.)

185 4298 237 4353 Ble
252 4297 287 4352 iv.
301 4297 327 4352 6.
341 4296 375 4351 26
394 4296 455 4364 ins.;
471 4313 508 4350 on
526 4313 544 4352 a
562 4297 639 4352 bond
657 4299 752 4353 whose
770 4296 957 4368 authenticity
970 4296 993 4351 is
1010 4294 1114 4350 denied
1130 4295 1168 4364 by
1181 4296 1228 4348 the
1246 4293 1334 4364 giver,

186 4383 260 4438 Now.
277 4382 318 4437 18.
331 4381 357 4451 8,
374 4379 432 4436 and
450 4379 540 4434 under
559 4397 637 4435 some
656 4379 875 4436 circumstances
894 4382 943 4436 the
962 4379 1036 4435 actio
1055 4377 1246 4446 redhibitoria,
1267 4375 1331 4447 Dig.

185 4481 226 4522 21.
244 4481 266 4524 1.
279 4479 321 4538 45.
359 4465 421 4522 The
434 4479 536 4520 reason
549 4463 612 4535 why
625 4463 766 4520 condictio
782 4463 899 4522 indebiti
920 4463 943 4520 is
961 4462 1098 4521 excluded
1117 4461 1145 4518 in
1159 4462 1240 4518 these
1252 4477 1333 4516 cases
