3176 5022
229 309 293 374 294
429 299 781 356 strrwrrowurr
799 299 919 356 arear
937 298 1173 372 QUATTUOR.
1269 301 1380 368 [nau.

756 507 852 573 XXI.

326 686 376 737 DE
399 685 643 738 ADEMPTIONE
666 684 899 736 LEGATORUM
922 686 970 738 ET
992 687 1293 738 TRANSLATIONE.

275 834 461 920 Ademptio
490 835 683 920 legatorum,
712 835 781 899 sive
813 834 932 900 eodem
962 845 1164 902 testamento
1193 838 1381 902 adimantur

232 939 302 1004 sive
321 941 490 1016 codicillis,
511 939 605 1005 firma
628 949 687 1016 est,
707 939 777 1004 sive
798 939 970 1003 contrariis
987 940 1096 1005 verbis
1119 940 1178 1006 fiat
1200 942 1379 1024 ademptio,

231 1043 333 1110 veluti
356 1044 395 1120 si,
411 1046 500 1127 quod
524 1045 570 1109 ita
592 1043 666 1127 quis
688 1043 847 1126 legaverit
861 1045 922 1107 ‘do
942 1041 1035 1128 lego,’
1051 1043 1098 1110 ita
1114 1045 1280 1110 adimatur
1295 1052 1381 1110 ‘non

133 1205 135 1210 .
233 1148 277 1212 do
303 1169 369 1212 non
395 1143 492 1232 lego,’
514 1149 583 1212 sive
607 1168 672 1212 non
696 1146 874 1226 contrariis,
897 1148 930 1211 id
954 1157 1004 1212 est
1028 1148 1100 1214 aliis
1121 1149 1381 1234 quibuscumque

204 1252 349 1317 lverbis.
394 1252 576 1318 Transferri
598 1272 732 1336 quoque
754 1251 902 1334 legatum
924 1252 968 1316 ab
989 1253 1054 1317 alio
1077 1253 1120 1318 ad
1142 1253 1243 1317 alium
1262 1263 1382 1336 potest,

232 1356 333 1422 veluti
363 1357 391 1421 si
420 1358 493 1440 quis
517 1358 564 1422 ita
594 1356 734 1421 dixerit:
771 1355 957 1421 ‘hominem
989 1357 1150 1438 Stichum,
1174 1341 1274 1442 quem
1292 1357 1382 1422 Titio

234 1459 350 1544 legavi,
389 1459 468 1526 Seio
497 1461 542 1526 do
571 1455 667 1544 lego,’
696 1460 765 1526 sive
795 1459 829 1524 in
862 1461 981 1526 eodem
1010 1471 1212 1526 testamento
1241 1461 1311 1526 sive
1349 1461 1382 1524 in

234 1563 392 1629 codicillis
414 1563 477 1629 hoc
495 1565 626 1630 fecerit:
653 1585 721 1648 quo
743 1584 819 1628 casu
843 1563 941 1629 simul
961 1565 1052 1631 Titio
1074 1565 1175 1630 adimi
1197 1564 1327 1630 videtur
1349 1575 1384 1630 et

236 1666 314 1732 Seio
336 1669 416 1734 dari.

754 1755 871 1820 XXII.

625 1935 675 1988 DE
698 1933 797 1986 LEGE
819 1933 1004 1986 FALCIDIA.

279 2085 447 2170 Superest,
479 2096 516 2152 ut
553 2086 596 2152 de
631 2083 706 2170 lege
735 2083 883 2150 Falcidia
916 2083 1139 2170 dispiciamus,
1170 2105 1235 2168 qua
1266 2085 1385 2151 modus

235 2191 412 2256 novissime
435 2190 553 2276 legatis
580 2191 754 2274 impositus
779 2197 838 2254 est.
884 2209 960 2254 cum
991 2190 1079 2254 enim
1105 2190 1185 2254 olim
1209 2191 1282 2275 lege
1304 2191 1384 2255 duo-

235 2295 343 2360 decim
365 2295 552 2360 tabularum
575 2295 678 2359 libera
700 2303 772 2360 erat
793 2294 927 2376 legandi
950 2304 1108 2378 potestas,
1135 2305 1173 2359 ut
1201 2294 1312 2360 liceret
1333 2294 1386 2358 vel

234 2408 343 2465 totum
359 2401 594 2481 patrimonium
610 2399 729 2484 legatis
745 2419 878 2482 crogare
894 2395 1032 2484 (quippe
1047 2420 1087 2464 ea
1102 2398 1176 2482 lege
1191 2400 1238 2464 ita
1253 2407 1386 2464 cautum

235 2514 344 2570 essett
378 2505 427 2569 uti
454 2503 591 2587 legassit
612 2524 692 2569 suae
722 2505 777 2581 rei,
802 2506 849 2569 ita
875 2505 926 2570 ius
952 2500 1058 2589 esto):
1096 2505 1204 2570 visum
1227 2515 1278 2570 est
1302 2503 1387 2568 hanc

235 2609 369 2692 legandi
393 2607 558 2674 licentiam
584 2618 741 2690 coartare,
765 2610 865 2693 idque
889 2611 1035 2693 ipsorum
1059 2617 1256 2674 testatorum
1280 2609 1387 2692 gratia

236 2712 404 2796 provisum
428 2721 479 2776 est
504 2713 548 2777 ob
575 2713 618 2792 id,
640 2713 730 2796 quod
760 2713 955 2798 plerumque
981 2714 1128 2779 intestati
1156 2714 1388 2792 moriebantur,

236 2918 382 2974 voluntate
400 2915 525 2973 defuncti
544 2927 661 2988 apparet
672 2919 679 2946 ’
691 2917 757 2988 Dig.
771 2932 814 2986 34.
826 2917 852 2973 6.
866 2919 916 2988 2);
938 2919 1034 2975 unless
1054 2917 1075 2974 it
1096 2917 1239 2990 appeared
1259 2919 1321 2974 that
1340 2918 1389 2973 the

237 3011 357 3058 testator
376 2999 515 3071 designed
534 3001 583 3058 the
603 3001 703 3072 legacy
724 3018 756 3057 as
774 3019 792 3058 a
812 3020 912 3059 means
932 3003 965 3059 of
982 3001 1167 3074 compulsion,
1188 3002 1209 3058 it
1228 3019 1286 3058 was
1304 3001 1389 3070 walid,

240 3085 307 3155 Dig.
321 3100 364 3156 3¹·
377 3099 403 3154 3.
415 3099 441 3140 2.

273 3173 333 3227 vlt.
346 3173 434 3226 m
455 3171 512 3225 For
524 3168 646 3226 codicilli
658 3186 707 3226 see
720 3169 776 3226 Tit.
789 3182 823 3241 25
837 3170 895 3226 and
907 3181 989 3226 notes
1003 3169 1052 3225 inf.
1089 3167 1208 3225 Resides
1223 3169 1273 3225 the
1289 3169 1388 3224 modes

238 3253 403 3309 mentioned
415 3253 444 3308 in
457 3253 506 3309 the
519 3263 586 3321 text,
599 3271 617 3308 a
628 3253 728 3324 legacy
740 3251 830 3323 might
848 3253 885 3309 be
897 3253 983 3309 taken
1001 3270 1081 3322 away
1093 3253 1132 3322 by
1144 3251 1255 3322 erasing
1269 3251 1317 3308 the
1332 3250 1389 3306 dis-

239 3335 362 3408 position
380 3335 453 3392 from
466 3337 515 3394 the
527 3335 590 3405 will,
605 3335 670 3407 Dig.
684 3350 726 3404 34
740 3351 766 3404 4.
782 3335 814 3391 16
826 3335 884 3392 and
900 3349 940 3405 17,
957 3353 990 3391 or
1007 3335 1105 3406 tacitly
1123 3337 1162 3406 by
1179 3353 1236 3406 any
1252 3345 1298 3392 act
1316 3335 1389 3390 from

239 3420 331 3476 which
344 3419 365 3476 it
378 3419 462 3476 could
474 3421 510 3475 be
522 3420 659 3490 gathered
672 3421 733 3476 that
746 3421 794 3476 the
807 3429 926 3478 testator
939 3437 977 3476 no
990 3421 1088 3489 longer
1098 3419 1206 3474 wished
1218 3419 1268 3474 the
1280 3420 1390 3488 legatae
1415 3469 1419 3478 .

239 3514 269 3560 to
287 3505 361 3560 have
379 3503 428 3558 the
445 3503 574 3574 bequest,
586 3520 645 3574 eg.
658 3503 696 3573 by
715 3503 868 3560 alienatiou
887 3504 920 3559 of
934 3504 983 3559 the
1001 3521 1047 3558 res
1062 3503 1165 3574 legata,
1181 3519 1212 3558 12
1225 3519 1310 3573 supr,
1324 3501 1388 3571 Dig.

240 3601 283 3656 34.
297 3601 323 3652 4.
340 3599 380 3656 ις,
400 3585 458 3642 and
476 3604 495 3642 a
514 3587 613 3656 legacy
633 3603 691 3642 was
715 3603 786 3642 even
808 3587 875 3644 held
895 3597 925 3644 to
944 3587 981 3644 be
1000 3587 1124 3644 revoked
1147 3587 1172 3642 if
1186 3588 1235 3643 the
1255 3585 1390 3642 relations

239 3671 367 3726 between
389 3670 438 3726 the
459 3668 565 3740 parties
584 3669 702 3726 became
723 3671 793 3726 such
811 3671 873 3726 that
891 3688 909 3726 a
927 3670 1116 3728 continuante
1135 3670 1167 3726 of
1181 3670 1230 3726 the
1250 3669 1391 3726 testator-'s

239 3753 410 3810 benevolent
428 3751 567 3808 intention
585 3753 670 3808 could
688 3763 739 3810 not
759 3754 797 3812 be
815 3755 976 3825 presumed,
994 3773 1019 3811 e.
1027 3772 1054 3825 g.
1075 3754 1100 3808 if
1115 3771 1133 3810 a
1152 3754 1261 3810 serious
1283 3751 1391 3821 enmity

241 3853 323 3894 arose
341 3837 468 3892 between
485 3837 577 3905 them,
597 3835 663 3908 Dig.
677 3851 719 3906 34.
732 3853 760 3905 4.
772 3852 796 3907 3.
813 3853 852 3894 11.
892 3839 993 3894 Under
1010 3840 1059 3894 the
1081 3838 1161 3894 older
1178 3840 1232 3894 law
1250 3834 1392 3892 contraria

240 3920 328 3978 verba
340 3920 398 3976 had
410 3919 483 3976 been
496 3919 627 3992 required
644 3921 687 3976 for
703 3938 740 3978 au
753 3939 868 3993 express
885 3922 1060 3993 ademption,
1073 3921 1157 3978 ‘dum
1173 3931 1271 3978 tamen
1289 3919 1392 3977 eodem

242 4005 328 4061 modo
341 4003 491 4072 adimatur,
504 4020 560 4074 quo
573 4004 659 4060 modo
672 4004 770 4060 datum
783 4007 842 4061 est’
856 4004 971 4076 Ulpian,
984 4023 1042 4076 reg.
1056 4019 1097 4073 24.
1113 4019 1155 4074 29.

278 4091 293 4158 ς
307 4092 330 4144 L
351 4086 529 4144 ‘Translatio
541 4087 626 4158 legati
639 4089 815 4160 etquattuor
833 4088 926 4144 modis
939 4108 944 4143 :
964 4099 1012 4145 aut
1025 4088 1102 4145 eninr
1114 4105 1132 4144 a
1144 4105 1267 4160 persona
1283 4087 1312 4144 iu
1331 4101 1391 4158 per·

241 4189 342 4230 sonam
355 4171 529 4242 mansfertur,
541 4182 590 4228 aut
602 4173 639 4228 ab
652 4189 695 4242 eo,
708 4171 756 4244 qui
770 4173 838 4230 dare
851 4171 944 4228 iussus
957 4181 1009 4242 est,
1022 4172 1189 4230 transfertur
1200 4181 1231 4228 ut
1243 4170 1315 4227 alius
1329 4171 1391 4226 det:

242 4266 290 4315 aut
309 4273 374 4312 cum
392 4273 437 4310 res
455 4273 507 4326 pro
525 4273 555 4312 re
574 4256 664 4326 datur,
683 4265 714 4312 ut
732 4273 784 4327 pro
805 4256 894 4312 fundo
916 4257 1016 4312 decem
1035 4255 1131 4312 aurei:
1160 4265 1209 4312 aut
1227 4255 1305 4326 quod
1323 4269 1392 4325 pure

241 4341 340 4398 datum
352 4349 404 4409 est,
417 4340 583 4396 transfertur
594 4340 648 4396 sub
660 4339 844 4398 condicione'
856 4339 923 4410 Dig.
936 4353 1016 4409 344
1030 4339 1055 4396 (u
1069 4356 1109 4410 pr.

275 4425 336 4480 vlt
348 4427 457 4480 m.
477 4425 534 4480 For
545 4425 594 4480 the
606 4424 784 4482 well-known
796 4433 960 4482 enactment
972 4423 1006 4480 of
1018 4423 1067 4480 the
1079 4422 1193 4482 Twelve
1206 4421 1313 4480 Tables
1325 4421 1393 4478 here
