3112 5016
262 333 325 418 548
460 331 811 393 rrvsrrrurron'urr
827 330 946 387 rrnnr
963 329 1196 402 Quarruon.
1292 333 1412 398 [mm.

260 506 351 571 cuius
372 525 416 568 ex
437 513 531 587 parte
552 523 604 566 res
622 509 683 576 est,
701 509 807 565 totam
829 517 903 562 eam
922 496 975 561 vel
994 497 1117 562 maiore
1137 517 1182 561 ex
1203 505 1299 581 parte
1316 517 1411 562 suam

260 630 332 674 esse
353 607 540 672 intenderit.
584 605 767 688 Tempore:
787 602 890 667 veluti
906 603 933 666 si
953 603 1028 684 quis
1050 611 1128 666 ante
1147 602 1237 666 diem
1258 601 1312 666 vel
1332 611 1412 665 ante

262 713 487 779 condicionem
512 709 652 793 petierit.
705 727 770 790 qua
797 707 925 770 ratione
955 707 1044 770 enirn
1070 707 1127 788 qui
1152 706 1280 769 tardius
1304 705 1412 782 solvit,

195 839 205 852 ·
260 837 361 899 quam
374 815 499 878 solvere
511 813 657 890 deberet,
670 811 778 874 minus
790 810 917 874 solvere
931 809 1141 892 intellegitur,
1153 811 1271 874 eadem
1285 809 1412 873 ratione

261 919 317 1003 qui
341 927 549 1002 praemature
568 916 653 999 petit
674 913 749 997 plus
769 923 882 996 petere
896 915 1035 978 videtur.
1080 912 1172 977 Loco
1187 913 1262 995 plus
1280 914 1412 995 petitur,

261 1023 362 1088 veluti
379 1043 454 1087 cum
470 1023 543 1104 quis
558 1021 601 1099 id,
613 1020 702 1102 quod
718 1028 808 1083 certo
824 1017 898 1082 loco
913 1017 973 1081 sibi
989 1017 1164 1100 stipulatus
1180 1027 1239 1089 est,
1256 1017 1322 1082 alio
1338 1017 1412 1081 loco

260 1127 345 1210 petit
370 1129 441 1190 sine
467 1123 782 1189 commemoratione
807 1121 894 1185 illius
921 1122 992 1201 loci,
1018 1123 1052 1185 in
1076 1143 1144 1204 quo
1168 1123 1230 1185 sibi
1255 1121 1325 1185 dari
1354 1121 1413 1185 sti-

261 1231 394 1314 pulatus
423 1230 541 1294 fuerit:
571 1227 663 1294 verbi
693 1227 799 1310 gratia
829 1227 857 1291 si
886 1227 922 1305 is,
948 1227 1004 1309 qui
1034 1227 1081 1291 ita
1110 1226 1286 1309 stipulatus
1313 1226 1413 1290 fuerit

261 1333 405 1418 ‘Ephesi
421 1334 500 1397 dare
520 1327 702 1415 spondes?’
736 1331 866 1394 Romae
885 1351 965 1413 pure
986 1331 1136 1395 intendat
1151 1332 1222 1396 dari
1237 1331 1299 1394 sibi
1314 1349 1413 1412 opor·

261 1449 339 1502 tere.
397 1438 472 1500 ideo
498 1447 611 1500 autem
638 1434 712 1518 plus
743 1445 857 1518 petere
886 1433 1095 1517 intellegitur,
1121 1436 1198 1517 quia
1224 1433 1413 1512 utilitatem,

262 1561 362 1624 quam
388 1540 504 1604 habuit
530 1541 717 1623 promissor,
742 1539 769 1603 si
800 1537 925 1621 Ephesi
949 1539 1098 1616 solveret,
1126 1538 1244 1603 adimit
1271 1539 1300 1602 ei
1330 1559 1414 1620 pura

261 1646 461 1711 intentione:
484 1655 738 1727 propterquam
758 1664 890 1708 causam
911 1644 976 1707 alio
999 1643 1072 1707 loco
1094 1643 1220 1726 petenti
1241 1644 1413 1708 arbitraria

261 1752 348 1816 actio
370 1751 572 1837 proponitur,
595 1749 628 1812 in
649 1770 715 1831 qua
736 1749 859 1813 scilicet
880 1749 963 1812 ratio
987 1747 1128 1812 habetur
1147 1747 1309 1824 utilitatis,
1325 1768 1414 1831 quae

261 1854 450 1940 promissori
478 1853 697 1936 competitura
723 1852 847 1931 fuisset,
874 1853 902 1916 si
932 1852 989 1916 illo
1020 1852 1092 1916 loco
1121 1851 1273 1917 solveret.
1326 1871 1414 1934 quae

262 1959 387 2023 utilitas
408 1955 601 2040 plerumque
621 1957 654 2019 in
676 1957 840 2020 mercibus
859 1957 1006 2022 maxima
1026 1955 1197 2034 invenitur,
1212 1955 1314 2020 veluti
1335 1957 1413 2020 vino

262 2061 337 2126 oleo
367 2061 541 2136 frumento,
573 2080 657 2142 quae
686 2081 746 2143 per
775 2061 921 2142 singulas
952 2061 1100 2144 regiones
1129 2059 1257 2123 diversa
1286 2059 1414 2123 habent

262 2167 386 2250 pretia:
409 2165 468 2228 sed
485 2175 518 2228 et
536 2163 695 2246 pecuniae
711 2174 902 2228 numeratae
921 2165 1036 2228 nonin
1051 2163 1203 2228 omnibus
1224 2163 1413 2246 regionibus

263 2271 325 2336 sub
346 2269 451 2336 isdem
470 2267 573 2331 usuris
594 2267 792 2333 fenerantur.
838 2269 864 2330 si
884 2267 958 2351 quis
978 2277 1089 2333 tamen
1112 2268 1236 2350 Ephesi
1257 2277 1359 2351 petat,
1377 2269 1412 2331 id

264 2383 315 2438 est
331 2393 370 2437 eo
386 2373 457 2436 loco
473 2381 574 2455 petat,
590 2393 656 2454 quo
673 2383 708 2436 ut
724 2373 786 2436 sibi
801 2373 898 2436 detur
912 2371 1087 2456 stipulatus
1107 2381 1167 2447 est,
1183 2392 1265 2454 pura
1281 2372 1412 2435 actione

264 2487 352 2542 recte
367 2477 452 2560 agit:
477 2476 575 2559 idque
591 2477 692 2539 etiarn
714 2487 846 2560 praetor
861 2485 1031 2550 monstrat,
1048 2475 1172 2540 scilicet
1191 2475 1268 2558 quia
1286 2475 1413 2540 utilitas

265 2581 412 2646 solvendi
440 2579 530 2643 salva
557 2589 607 2644 est
633 2581 833 2663 promissori.
890 2579 979 2646 Huic
1006 2589 1126 2657 autem,
1158 2581 1215 2662 qui
1238 2579 1310 2644 loco
1336 2579 1411 2663 plus

262 2695 375 2770 petere
398 2682 607 2765 intellegitur,
630 2684 801 2765 proximus
825 2693 877 2750 est
902 2685 930 2748 is
952 2685 1008 2767 qui
1032 2705 1131 2748 causa
1151 2683 1226 2767 plus
1249 2685 1351 2766 petit:
1374 2692 1413 2748 ut

263 2955 348 3012 made
358 2953 386 3009 in
396 2953 486 3009 either
495 2955 542 3008 the
551 2953 678 3022 intentio,
688 2956 736 3010 the
744 2955 1049 3024 condemnatio,orthe
1058 2956 1271 3012 demonstratio.
1294 2957 1411 3012 ltoould

264 3057 349 3096 occur
361 3039 389 3094 in
408 3039 457 3094 the
475 3037 595 3093 intentio
615 3039 682 3108 only
695 3041 787 3095 where
806 3041 826 3095 it
840 3057 897 3094 was
910 3049 988 3095 certa
1001 3041 1038 3111 (e.
1043 3057 1071 3109 g.
1084 3039 1107 3094 si
1121 3051 1201 3111 paret
1214 3079 1241 3095 ..
1256 3081 1263 3096 .
1276 3041 1412 3112 quinqua·

263 3123 343 3194 ginta
355 3139 456 3178 aureos
469 3121 537 3178 dare
549 3133 688 3194 oportere,
698 3125 779 3179 when
792 3125 841 3179 the
854 3124 1008 3179 defendant
1023 3125 1111 3193 really
1123 3125 1203 3178 owed
1216 3141 1234 3179 a
1246 3125 1302 3179 less
1315 3125 1410 3192 sum);

264 3207 322 3264 and
335 3209 401 3264 here
419 3205 455 3262 its
472 3208 559 3262 result
573 3225 629 3264 was
648 3209 710 3264 that
728 3209 777 3264 the
793 3208 889 3278 judge,
902 3207 1011 3277 finding
1027 3209 1075 3263 the
1092 3206 1201 3278 precise
1213 3225 1276 3262 sum
1289 3209 1411 3265 claimed

265 3309 323 3346 was
343 3302 392 3346 not
414 3291 443 3346 in
464 3292 521 3347 fact
542 3291 630 3362 owed,
652 3309 710 3348 was
729 3291 826 3346 bound
848 3301 878 3346 to
900 3291 1016 3346 absolve
1037 3292 1086 3346 the
1107 3291 1270 3361 defendant,
1289 3293 1346 3347 and
1363 3293 1412 3348 the

265 3375 411 3447 plaintifl's
428 3374 502 3445 right
521 3375 553 3429 of
566 3375 660 3430 action
677 3393 735 3431 was
753 3376 870 3444 thereby
883 3374 1057 3444 irrevocably
1069 3391 1151 3445 gone,
1163 3375 1287 3432 because
1303 3377 1351 3432 the
1366 3393 1412 3432 res

265 3460 322 3514 had
334 3460 407 3514 been
421 3458 449 3513 in
466 3459 601 3514 iudicium
615 3459 746 3527 deducta,
759 3460 817 3514 and
833 3459 923 3516 either
935 3459 972 3514 he
989 3459 1073 3514 could
1088 3469 1138 3514 not
1154 3475 1206 3514 sue
1224 3460 1307 3530 again
1320 3471 1349 3516 at
1366 3463 1412 3529 all,

264 3559 304 3610 or,
315 3541 337 3595 if
348 3543 384 3596 be
394 3542 486 3608 could,
495 3543 544 3597 tlte
554 3541 708 3597 defendant
719 3543 802 3597 could
815 3543 891 3612 repel
904 3541 964 3596 him
972 3543 1012 3612 by
1020 3543 1069 3597 the
1079 3542 1207 3612 exceptio
1219 3543 1259 3598 rei
1273 3543 1412 3600 iudicatae

264 3641 296 3680 or
308 3625 337 3679 in
356 3624 492 3679 iudicium
510 3625 658 3694 deductae,
672 3625 761 3680 Gaius
775 3625 810 3682 iv.
828 3626 894 3680 106:
914 3627 950 3681 cf.
961 3625 1021 3680 Cic.
1031 3626 1068 3681 de
1085 3625 1192 3680 invent.
1207 3642 1231 3680 a.
1244 3641 1276 3697 19
1294 3627 1349 3683 ‘ita
1367 3628 1411 3682 ius

265 3707 346 3762 civile
365 3707 504 3761 habemus
523 3707 715 3777 constitutum,
729 3717 759 3764 ut
778 3726 865 3764 causa
879 3709 964 3764 cadat
982 3709 1016 3777 is,
1028 3709 1075 3780 qui
1092 3725 1158 3778 non,
1171 3711 1410 3781 quemadmodum

265 3799 385 3860 oportet,
398 3789 486 3858 egerit
499 3791 521 3845 :’
539 3790 573 3845 cf.
587 3790 644 3846 Tit.
662 3805 701 3860 13.
718 3807 750 3846 10
762 3791 809 3847 inf.
850 3793 878 3847 lf
887 3794 967 3848 there
979 3809 1036 3848 was
1054 3794 1117 3864 plus
1133 3793 1233 3863 petitio
1245 3793 1274 3848 in
1287 3795 1335 3850 the
1347 3811 1412 3849 con·

265 3871 410 3928 demnatio
424 3875 458 3942 (e.
464 3891 491 3942 g.
504 3873 526 3928 si
540 3883 620 3944 paret
640 3875 740 3931 decem
758 3877 826 3932 dare
844 3887 983 3950 oportere,
996 3876 1080 3932 iudex
1092 3876 1190 3946 viginti
1210 3878 1411 3946 condemnato)

264 3956 380 4026 nobody
392 3958 476 4012 could
489 3957 574 4012 suffer
586 3958 635 4013 but
649 3959 698 4015 the
711 3961 874 4028 defendant,
888 3963 951 4015 who
966 3961 1068 4015 should
1085 3961 1157 4016 have
1172 3963 1258 4016 talren
1271 3979 1336 4018 care
1352 3963 1411 4018 that

264 4041 313 4096 the
327 4057 389 4094 sum
408 4041 542 4110 specified
559 4041 588 4096 in
601 4043 649 4098 the
666 4044 738 4099 later
752 4044 802 4099 did
818 4055 868 4100 not
884 4045 991 4100 exceed
1003 4046 1063 4099 that
1079 4043 1109 4099 in
1124 4043 1174 4099 the
1189 4045 1291 4101 earlier
1305 4057 1368 4117 part
1384 4049 1412 4100 ol

264 4125 313 4181 the
332 4125 471 4192 formula;
488 4125 538 4180 but
558 4126 594 4181 he
612 4127 697 4182 could
716 4137 764 4196 get
786 4127 903 4182 himself
918 4127 946 4182 in
966 4127 1106 4198 integnrm
1124 4127 1269 4184 restitutus
1288 4130 1346 4184 and
1363 4131 1411 4186 tbe

264 4207 384 4262 formula
400 4208 527 4263 rectified
545 4209 583 4278 by
595 4209 644 4266 the
662 4221 775 4280 praetor
793 4220 822 4266 at
840 4227 897 4280 any
909 4211 977 4266 time
994 4211 1092 4266 before
1101 4211 1260 4282 jndgment,
1273 4213 1361 4268 Gaius
1374 4212 1409 4268 iv.

267 4303 307 4361 57.
328 4291 488 4346 Overclaim
498 4291 526 4346 in
537 4293 585 4348 the
595 4293 799 4349 demonstratio
807 4294 917 4364 injured
926 4311 964 4350 no
973 4311 1028 4350 one
1039 4295 1058 4364 (‘
1066 4305 1094 4350 et
1102 4295 1156 4350 hoc
1164 4306 1206 4351 est
1216 4296 1293 4366 quod
1302 4297 1410 4365 dicitur,

265 4375 337 4430 falsa
356 4375 597 4430 demonstratione
615 4393 675 4431 rem
694 4393 750 4431 non
769 4377 886 4447 perimi'
899 4379 988 4434 Gaius
1001 4377 1037 4432 iv.
1048 4377 1111 4447 58);
1129 4382 1178 4434 the
1193 4379 1315 4436 mistalre
1328 4380 1411 4435 could

264 4459 300 4514 be
314 4457 458 4514 corrected
471 4458 509 4528 by
521 4458 569 4514 the
582 4457 666 4514 iudex
679 4458 794 4516 without
808 4461 857 4517 the
870 4460 1011 4532 necessity
1024 4462 1057 4516 of
1069 4479 1126 4532 any
1138 4461 1310 4534 application
1322 4473 1351 4520 to
1363 4463 1410 4519 the
