3166 5022
230 315 295 400 264
434 320 783 380 INSTITUTIONUM
800 321 920 377 LIBRI
940 319 1173 394 QUATTUOR.
1264 317 1375 385 [emit.

228 489 448 556 exheredatis.
493 489 605 573 itaque
628 509 667 552 eo
687 508 765 553 casu
787 486 814 552 si
832 487 912 569 quid
933 486 1059 570 pupillo
1079 507 1124 550 ex
1138 483 1377 552 hereditatibus

227 595 387 680 legatisve
400 605 459 660 aut
474 594 707 659 donationibus
725 592 983 676 propinquorum
1001 601 1103 674 atque
1121 592 1302 656 amicorum
1318 591 1377 655 ad·

227 701 385 784 quisitum
414 699 519 780 fuerit,
544 699 577 764 id
607 718 706 762 omne
732 698 775 761 ad
802 697 1018 762 substitutum
1048 697 1222 780 pertineat.
1274 716 1376 778 quae·

227 823 369 886 cumque
395 803 540 868 diximus
566 803 608 867 de
630 801 865 868 substitutione
888 801 1095 884 impuberum
1120 801 1298 864 liberorum
1323 799 1377 864 vel

226 906 386 971 heredum
410 908 637 972 institutorum
662 905 715 970 vel
742 903 1029 980 exheredatorum,
1055 905 1172 968 eadem
1203 905 1304 968 etiam
1333 904 1377 968 de

196 1027 214 1082 5
227 1012 390 1094 postumia
405 1011 635 1095 intellegimus.
667 1010 794 1076 Liberis
810 1021 923 1075 autem
938 1010 1005 1075 suis
1020 1018 1258 1074 testamentum
1269 1007 1377 1073 facere

226 1135 325 1179 nemo
350 1125 471 1198 potest,
487 1115 548 1180 nisi
572 1125 607 1179 et
632 1115 694 1180 sibi
714 1113 833 1179 saciat:
861 1134 938 1178 nam
962 1112 1123 1196 pupillare
1138 1122 1375 1178 testamentum

225 1237 302 1301 pars
317 1227 352 1283 et
366 1218 501 1301 sequela
515 1229 566 1284 est
581 1219 709 1302 paterni
724 1219 925 1297 testamenti,
939 1217 1025 1281 adeo
1045 1227 1091 1296 ut,
1107 1217 1135 1281 si
1157 1217 1259 1299 patris
1274 1226 1375 1281 testa·

194 1327 377 1387 dmentum
407 1342 474 1386 non
499 1321 619 1399 valeat,
650 1343 692 1386 ne
718 1322 776 1385 filii
802 1322 937 1404 quidem
963 1321 1096 1386 valebit.
1144 1319 1209 1384 Vel
1239 1319 1376 1403 singulis

224 1435 338 1491 autem
367 1427 478 1492 liberis
503 1427 557 1491 vel
583 1427 640 1509 qui
670 1447 784 1491 eorum
811 1428 1007 1492 novissimus
1037 1427 1189 1509 impubes
1219 1425 1377 1490 morietur

226 1531 382 1595 substitui
397 1539 517 1613 potest.
555 1530 691 1614 singulis
706 1529 850 1613 quidem,
864 1531 890 1596 si
907 1531 1072 1594 neminem
1088 1549 1202 1593 eorum
1218 1529 1376 1594 intestato

224 1634 385 1698 decedere
407 1633 529 1698 voluit:
560 1635 749 1711 novissim0,
770 1633 797 1699 si
821 1636 871 1699 ius
898 1633 1120 1718 legitimarum
1143 1632 1375 1698 hereditatium

196 1737 390 1821 iintegrum
410 1737 496 1802 inter
510 1759 566 1802 eos
587 1739 744 1803 custodiri
757 1738 847 1804 velit.
894 1736 1114 1804 Substituitur
1133 1747 1246 1802 autem
1267 1738 1376 1820 impu-

224 1841 294 1905 beri
316 1851 374 1906 aut
396 1842 601 1921 nominatim,
617 1842 720 1907 veluti
743 1837 890 1921 ‘Titius'
911 1852 970 1908 aut
991 1840 1189 1924 generaliter
1210 1841 1376 1926 ‘quisquis

225 1945 306 2010 mihi
319 1945 414 2010 heres
430 1942 525 2011 erit’:
548 1947 668 2030 quibus
686 1947 795 2012 verbis
814 1957 974 2012 vocantur
994 1968 1038 2010 ex
1060 1946 1295 2012 substitutione
1315 1947 1376 2010 im·

223 2049 348 2132 pubere
367 2049 435 2114 filio
458 2060 598 2129 mortun,
614 2053 670 2134 qui
691 2061 726 2116 et
744 2051 857 2134 scripti
876 2061 954 2116 sunt
973 2049 1112 2115 heredes
1130 2060 1165 2114 et
1185 2051 1377 2128 extiterunt,

195 2165 212 2221 8
225 2163 260 2218 et
274 2173 334 2236 pro
348 2175 415 2236 qua
429 2164 524 2238 parte
545 2154 683 2220 heredes
701 2155 779 2220 lacti
795 2165 882 2221 sunt.
927 2155 1079 2220 Masculo
1099 2155 1199 2239 igitur
1212 2175 1317 2236 usque
1332 2155 1375 2218 ad

225 2257 490 2340 quattuordecim
510 2279 616 2324 annos
636 2259 791 2327 substitui
813 2269 932 2342 potest,
949 2258 1089 2324 feminae
1109 2279 1214 2341 usque
1234 2259 1279 2322 ad
1294 2259 1376 2323 duo·

224 2362 332 2425 decim
343 2381 467 2426 annos:
491 2373 526 2428 et
541 2363 568 2428 si
582 2362 646 2428 hoc
655 2373 788 2446 tempus
800 2364 987 2442 excesserit,
997 2363 1189 2429 substitutio
1201 2363 1375 2428 evanescit.

224 2463 399 2530 Extraneo
413 2485 492 2530 vero
507 2465 560 2530 vel
576 2465 644 2531 filio
659 2468 777 2551 puberi
793 2467 909 2532 heredi
928 2467 1080 2532 instituto
1103 2468 1150 2532 ita
1177 2467 1376 2532 substituere

223 2587 323 2631 nemo
349 2576 468 2650 potest,
493 2578 539 2648 ut,
566 2569 593 2633 si
619 2569 715 2636 heres
742 2573 892 2636 extiterit
916 2583 950 2636 et
974 2573 1060 2636 intra
1083 2571 1218 2655 aliquod
1243 2579 1375 2654 tempus

223 2671 410 2751 decesserit,
425 2671 509 2737 alius
524 2674 554 2737 ei
569 2675 613 2738 sit
628 2675 744 2741 heres:
767 2677 827 2741 sed
842 2677 905 2742 hoc
921 2677 1029 2741 solum
1047 2679 1244 2760 permissum
1262 2688 1322 2754 est,
1337 2687 1376 2742 ut
1450 2725 1454 2734 .

224 2795 300 2838 eum
316 2795 375 2858 per
390 2773 681 2842 fideicommissum
697 2789 838 2845 testator
853 2782 979 2865 obliget
997 2781 1052 2846 alii
1067 2781 1287 2846 hereditatem
1306 2782 1375 2845 eius

222 2877 276 2942 vel
298 2888 405 2942 totam
432 2879 486 2944 vel
509 2901 569 2964 pro
594 2893 688 2966 parte
714 2886 904 2951 restituere:
927 2887 1017 2969 quod
1042 2886 1091 2949 ius
1117 2884 1215 2968 quale
1238 2885 1290 2966 sit,
1316 2905 1375 2950 suo

221 2983 296 3047 loco
311 2984 490 3052 trademus

259 3238 314 3312 §Q
335 3243 398 3298 ΤΙιε
420 3259 515 3314 power
533 3244 567 3299 ol'
586 3262 605 3301 a
630 3247 742 3304 Roman
764 3258 883 3305 testator
907 3261 937 3305 to
962 3252 1070 3306 control
1095 3252 1144 3307 the
1166 3250 1327 3306 devolution
1347 3251 1380 3306 ol

222 3335 355 3396 property
367 3326 440 3382 after
452 3327 496 3383 his
513 3345 575 3384 own
590 3329 710 3388 decease
722 3350 780 3390 was
793 3334 849 3390 less
862 3335 931 3390 than
944 3336 1005 3390 that
1019 3335 1140 3406 enjoyed
1152 3335 1243 3390 under
1256 3336 1375 3406 English

222 3409 284 3466 law.
319 3409 399 3465 With
419 3428 453 3466 us
474 3424 608 3484 property
628 3433 681 3470 can
701 3417 737 3472 be
758 3417 830 3474 ‘tied
850 3419 903 3489 up'
925 3418 1027 3489 during
1047 3437 1104 3489 any
1121 3418 1241 3475 number
1259 3419 1291 3474 oi
1306 3419 1375 3477 lives

222 3493 345 3562 actually
357 3493 387 3549 in
406 3495 557 3566 existence,
571 3498 629 3552 and
648 3499 691 3554 sor
703 3510 874 3571 twenty-one
891 3519 973 3572 years
992 3503 1064 3558 aster
1080 3503 1128 3558 the
1141 3503 1195 3559 last
1208 3501 1237 3558 in
1250 3504 1341 3559 which
1354 3504 1375 3562 it

222 3585 318 3632 vests:
338 3577 386 3632 the
400 3579 513 3632 Roman
526 3581 610 3634 could
626 3583 709 3637 settle
722 3582 743 3638 it
755 3585 798 3638 sor
809 3586 888 3641 three
901 3585 971 3642 lives
981 3587 1056 3656 only,
1066 3604 1106 3656 or,
1117 3605 1195 3642 more
1208 3590 1374 3659 accuratety,

225 3675 263 3714 on
285 3659 365 3714 three
387 3677 505 3730 persons
528 3661 557 3716 in
577 3663 748 3735 succession,
770 3667 820 3722 viz.
839 3671 887 3725 the
910 3669 1058 3726 instituted
1077 3669 1207 3742 impubes
1228 3670 1309 3742 filius,
1327 3672 1375 3729 the

223 3741 398 3814 pupillariter
416 3743 593 3816 substitutus,
606 3747 664 3802 and
682 3748 794 3820 thirdly,
809 3752 857 3807 the
876 3769 979 3823 person
998 3763 1028 3808 to
1045 3756 1138 3809 whom
1156 3755 1205 3810 the
1223 3755 1307 3810 latter
1318 3773 1375 3812 was

223 3826 349 3895 charged
373 3835 403 3880 to
427 3827 507 3884 leave
535 3828 556 3884 it
580 3847 631 3900 per
656 3831 912 3892 fideicommissum.
963 3837 1025 3893 The
1055 3838 1114 3893 first
1140 3839 1173 3893 os
1193 3839 1273 3894 these
1297 3837 1375 3912 lives,

222 3910 360 4050 however,
378 3921 454 4052 {rust
472 3929 509 3968 ex
523 3912 671 3986 hypothesi
689 3916 725 3974 be
744 3934 762 3974 a
779 3918 858 3976 short
879 3937 943 3979 oue.
990 3921 1033 3980 Cf.
1054 3924 1107 3980 Mr.
1123 3923 1230 3980 Poste's
1249 3934 1315 3982 note
1338 3941 1375 3980 on

251 4009 313 4050 arus
326 4011 355 4050 u.
372 4009 381 4050 1
404 4009 430 4066 4.
