<?xml version="1.0" encoding="UTF-8"?>
<!DOCTYPE html PUBLIC "-//W3C//DTD XHTML 1.0 Transitional//EN"
    "http://www.w3.org/TR/xhtml1/DTD/xhtml1-transitional.dtd">
<html xmlns="http://www.w3.org/1999/xhtml" xml:lang="en" lang="en">
 <head>
  <title>
</title>
<meta http-equiv="Content-Type" content="text/html;charset=utf-8" />
  <meta name='ocr-system' content='tesseract 3.04.00' />
  <meta name='ocr-capabilities' content='ocr_page ocr_carea ocr_par ocr_line ocrx_word'/>
</head>
<body>
  <div class='ocr_page' id='page_1' title='image "./imperatorisiust00moylgoog_0421.png"; bbox 0 0 3148 5024; ppageno 0'>
   <div class='ocr_carea' id='block_1_1' title="bbox 238 327 1392 408">
    <p class='ocr_par' dir='ltr' id='par_1_1' title="bbox 238 327 1392 408">
     <span class='ocr_line' id='line_1_1' title="bbox 238 327 1392 408; baseline -0.003 -17"><span class='ocrx_word' id='word_1_1' title='bbox 238 327 303 408; x_wconf 87' lang='lat'>406</span> <span class='ocrx_word' id='word_1_2' title='bbox 441 333 792 392; x_wconf 81' lang='lat' dir='ltr'><em>INSTITUTIONUM</em></span> <span class='ocrx_word' id='word_1_3' title='bbox 806 333 925 388; x_wconf 81' lang='lat' dir='ltr'><em>LIBRI</em></span> <span class='ocrx_word' id='word_1_4' title='bbox 944 329 1180 406; x_wconf 78' lang='lat' dir='ltr'><em>QUATTUOR.</em></span> <span class='ocrx_word' id='word_1_5' title='bbox 1269 329 1334 400; x_wconf 79' lang='lat' dir='ltr'>[un.</span> <span class='ocrx_word' id='word_1_6' title='bbox 1344 337 1392 388; x_wconf 83' lang='lat'>111.</span> 
     </span>
    </p>
   </div>
   <div class='ocr_carea' id='block_1_2' title="bbox 166 497 1402 3292">
    <p class='ocr_par' dir='ltr' id='par_1_2' title="bbox 193 497 1394 1104">
     <span class='ocr_line' id='line_1_2' title="bbox 193 497 1392 585; baseline -0.002 -21"><span class='ocrx_word' id='word_1_7' title='bbox 193 503 227 558; x_wconf 85' lang='grc'>16</span> <span class='ocrx_word' id='word_1_8' title='bbox 242 499 349 578; x_wconf 89' lang='lat' dir='ltr'>rieris,&#39;</span> <span class='ocrx_word' id='word_1_9' title='bbox 370 509 402 566; x_wconf 92' lang='lat' dir='ltr'>et</span> <span class='ocrx_word' id='word_1_10' title='bbox 425 501 515 585; x_wconf 92' lang='lat' dir='ltr'>apud</span> <span class='ocrx_word' id='word_1_11' title='bbox 537 509 665 565; x_wconf 89' lang='lat' dir='ltr'>veteres</span> <span class='ocrx_word' id='word_1_12' title='bbox 688 499 776 564; x_wconf 91' lang='lat' dir='ltr'>utilis</span> <span class='ocrx_word' id='word_1_13' title='bbox 799 508 870 564; x_wconf 91' lang='lat' dir='ltr'>erat</span> <span class='ocrx_word' id='word_1_14' title='bbox 892 507 927 564; x_wconf 91' lang='lat' dir='ltr'>et</span> <span class='ocrx_word' id='word_1_15' title='bbox 952 519 1039 564; x_wconf 91' lang='lat' dir='ltr'>nunc</span> <span class='ocrx_word' id='word_1_16' title='bbox 1060 497 1158 564; x_wconf 91' lang='lat' dir='ltr'>valet.</span> <span class='ocrx_word' id='word_1_17' title='bbox 1204 498 1291 562; x_wconf 88' lang='lat' dir='ltr'><strong>Item</strong></span> <span class='ocrx_word' id='word_1_18' title='bbox 1314 505 1392 580; x_wconf 90' lang='lat' dir='ltr'>post</span> 
     </span>
     <span class='ocr_line' id='line_1_3' title="bbox 194 601 1391 688; baseline 0 -25"><span class='ocrx_word' id='word_1_19' title='bbox 194 611 227 663; x_wconf 85' lang='lat'>17</span> <span class='ocrx_word' id='word_1_20' title='bbox 243 615 382 669; x_wconf 91' lang='lat' dir='ltr'>mortem</span> <span class='ocrx_word' id='word_1_21' title='bbox 412 604 546 668; x_wconf 92' lang='lat' dir='ltr'>alterius</span> <span class='ocrx_word' id='word_1_22' title='bbox 582 613 671 669; x_wconf 92' lang='lat' dir='ltr'>recte</span> <span class='ocrx_word' id='word_1_23' title='bbox 706 602 909 686; x_wconf 88' lang='lat' dir='ltr'><strong>stipulamur.</strong></span> <span class='ocrx_word' id='word_1_24' title='bbox 971 601 1008 667; x_wconf 90' lang='lat' dir='ltr'>Si</span> <span class='ocrx_word' id='word_1_25' title='bbox 1039 604 1197 688; x_wconf 90' lang='lat' dir='ltr'>scriptum</span> <span class='ocrx_word' id='word_1_26' title='bbox 1226 601 1324 665; x_wconf 84' lang='lat' dir='ltr'>suerit</span> <span class='ocrx_word' id='word_1_27' title='bbox 1357 602 1391 664; x_wconf 93' lang='lat' dir='ltr'>in</span> 
     </span>
     <span class='ocr_line' id='line_1_4' title="bbox 241 705 1391 791; baseline -0.003 -20"><span class='ocrx_word' id='word_1_28' title='bbox 241 709 460 774; x_wconf 90' lang='lat' dir='ltr'>instrumento</span> <span class='ocrx_word' id='word_1_29' title='bbox 490 709 680 791; x_wconf 86' lang='lat' dir='ltr'>promisisse</span> <span class='ocrx_word' id='word_1_30' title='bbox 710 707 865 790; x_wconf 89' lang='lat' dir='ltr'>aliquem,</span> <span class='ocrx_word' id='word_1_31' title='bbox 896 707 1033 790; x_wconf 88' lang='lat' dir='ltr'>perinde</span> <span class='ocrx_word' id='word_1_32' title='bbox 1062 707 1212 785; x_wconf 89' lang='lat' dir='ltr'>habetur,</span> <span class='ocrx_word' id='word_1_33' title='bbox 1241 717 1341 789; x_wconf 89' lang='lat' dir='ltr'>atque</span> <span class='ocrx_word' id='word_1_34' title='bbox 1364 705 1391 768; x_wconf 94' lang='lat' dir='ltr'>si</span> 
     </span>
     <span class='ocr_line' id='line_1_5' title="bbox 195 809 1392 895; baseline -0.002 -21"><span class='ocrx_word' id='word_1_35' title='bbox 195 821 228 875; x_wconf 88' lang='lat'>18</span> <span class='ocrx_word' id='word_1_36' title='bbox 242 811 498 895; x_wconf 86' lang='lat' dir='ltr'>interrogatione</span> <span class='ocrx_word' id='word_1_37' title='bbox 521 811 740 895; x_wconf 87' lang='lat' dir='ltr'>praecedente</span> <span class='ocrx_word' id='word_1_38' title='bbox 767 831 960 894; x_wconf 89' lang='lat' dir='ltr'>responsum</span> <span class='ocrx_word' id='word_1_39' title='bbox 987 813 1038 877; x_wconf 90' lang='lat' dir='ltr'>sit.</span> <span class='ocrx_word' id='word_1_40' title='bbox 1095 811 1257 894; x_wconf 87' lang='lat' dir='ltr'>Quotiens</span> <span class='ocrx_word' id='word_1_41' title='bbox 1281 809 1392 892; x_wconf 86' lang='lat' dir='ltr'>plures</span> 
     </span>
     <span class='ocr_line' id='line_1_6' title="bbox 241 915 1394 1000; baseline -0.005 -18"><span class='ocrx_word' id='word_1_42' title='bbox 241 937 294 982; x_wconf 90' lang='lat' dir='ltr'>res</span> <span class='ocrx_word' id='word_1_43' title='bbox 322 937 388 980; x_wconf 91' lang='lat' dir='ltr'>una</span> <span class='ocrx_word' id='word_1_44' title='bbox 410 915 622 1000; x_wconf 87' lang='lat' dir='ltr'>stipulatione</span> <span class='ocrx_word' id='word_1_45' title='bbox 650 916 980 999; x_wconf 89' lang='lat' dir='ltr'>comprehenduntur,</span> <span class='ocrx_word' id='word_1_46' title='bbox 1003 916 1030 980; x_wconf 90' lang='lat' dir='ltr'>si</span> <span class='ocrx_word' id='word_1_47' title='bbox 1056 917 1192 1000; x_wconf 91' lang='lat' dir='ltr'>quidem</span> <span class='ocrx_word' id='word_1_48' title='bbox 1215 915 1394 998; x_wconf 92' lang='lat' dir='ltr'>promissor</span> 
     </span>
     <span class='ocr_line' id='line_1_7' title="bbox 242 1017 1392 1104; baseline -0.003 -18"><span class='ocrx_word' id='word_1_49' title='bbox 242 1021 434 1104; x_wconf 89' lang='lat' dir='ltr'>simpliciter</span> <span class='ocrx_word' id='word_1_50' title='bbox 449 1022 647 1104; x_wconf 89' lang='lat' dir='ltr'>respondeat</span> <span class='ocrx_word' id='word_1_51' title='bbox 664 1021 761 1084; x_wconf 90' lang='lat' dir='ltr'>‘dare</span> <span class='ocrx_word' id='word_1_52' title='bbox 775 1017 944 1104; x_wconf 90' lang='lat' dir='ltr'>spondeo,’</span> <span class='ocrx_word' id='word_1_53' title='bbox 960 1029 1095 1104; x_wconf 90' lang='lat' dir='ltr'>propter</span> <span class='ocrx_word' id='word_1_54' title='bbox 1109 1040 1226 1084; x_wconf 89' lang='lat' dir='ltr'>omnes</span> <span class='ocrx_word' id='word_1_55' title='bbox 1243 1027 1392 1083; x_wconf 75' lang='lat' dir='ltr'>teneturt</span> 
     </span>
    </p>

    <p class='ocr_par' dir='ltr' id='par_1_3' title="bbox 197 1124 1401 2873">
     <span class='ocr_line' id='line_1_8' title="bbox 242 1124 1393 1207; baseline -0.003 -17"><span class='ocrx_word' id='word_1_56' title='bbox 242 1128 269 1190; x_wconf 89' lang='lat' dir='ltr'>si</span> <span class='ocrx_word' id='word_1_57' title='bbox 293 1146 371 1190; x_wconf 91' lang='lat' dir='ltr'>vero</span> <span class='ocrx_word' id='word_1_58' title='bbox 395 1146 494 1190; x_wconf 90' lang='lat' dir='ltr'>unam</span> <span class='ocrx_word' id='word_1_59' title='bbox 518 1147 562 1190; x_wconf 87' lang='lat' dir='ltr'>ex</span> <span class='ocrx_word' id='word_1_60' title='bbox 588 1125 640 1189; x_wconf 93' lang='lat' dir='ltr'>his</span> <span class='ocrx_word' id='word_1_61' title='bbox 663 1125 716 1190; x_wconf 92' lang='lat' dir='ltr'>vel</span> <span class='ocrx_word' id='word_1_62' title='bbox 739 1125 901 1207; x_wconf 92' lang='lat' dir='ltr'>quasdam</span> <span class='ocrx_word' id='word_1_63' title='bbox 926 1125 1082 1189; x_wconf 87' lang='lat' dir='ltr'>daturum</span> <span class='ocrx_word' id='word_1_64' title='bbox 1110 1145 1146 1188; x_wconf 90' lang='lat' dir='ltr'>se</span> <span class='ocrx_word' id='word_1_65' title='bbox 1170 1124 1393 1207; x_wconf 90' lang='lat' dir='ltr'>spoponderit,</span> 
     </span>
     <span class='ocr_line' id='line_1_9' title="bbox 243 1229 1394 1313; baseline -0.003 -19"><span class='ocrx_word' id='word_1_66' title='bbox 243 1230 404 1313; x_wconf 87' lang='lat' dir='ltr'>obligatio</span> <span class='ocrx_word' id='word_1_67' title='bbox 436 1232 468 1294; x_wconf 92' lang='lat' dir='ltr'>in</span> <span class='ocrx_word' id='word_1_68' title='bbox 497 1229 549 1294; x_wconf 89' lang='lat' dir='ltr'>his</span> <span class='ocrx_word' id='word_1_69' title='bbox 579 1250 639 1312; x_wconf 93' lang='lat' dir='ltr'>pro</span> <span class='ocrx_word' id='word_1_70' title='bbox 670 1229 790 1310; x_wconf 87' lang='lat' dir='ltr'>quibus</span> <span class='ocrx_word' id='word_1_71' title='bbox 826 1230 1042 1312; x_wconf 91' lang='lat' dir='ltr'>spoponderit</span> <span class='ocrx_word' id='word_1_72' title='bbox 1077 1230 1289 1294; x_wconf 91' lang='lat' dir='ltr'>contrahitur.</span> <span class='ocrx_word' id='word_1_73' title='bbox 1348 1249 1394 1293; x_wconf 86' lang='lat' dir='ltr'>ex</span> 
     </span>
     <span class='ocr_line' id='line_1_10' title="bbox 243 1333 1395 1418; baseline -0.002 -20"><span class='ocrx_word' id='word_1_74' title='bbox 243 1335 391 1418; x_wconf 90' lang='lat' dir='ltr'>pluribus</span> <span class='ocrx_word' id='word_1_75' title='bbox 410 1337 498 1399; x_wconf 91' lang='lat' dir='ltr'>enim</span> <span class='ocrx_word' id='word_1_76' title='bbox 519 1333 785 1416; x_wconf 89' lang='lat' dir='ltr'>stipulationibus</span> <span class='ocrx_word' id='word_1_77' title='bbox 806 1354 873 1397; x_wconf 84' lang='lat' dir='ltr'>una</span> <span class='ocrx_word' id='word_1_78' title='bbox 891 1333 945 1397; x_wconf 86' lang='lat' dir='ltr'>vel</span> <span class='ocrx_word' id='word_1_79' title='bbox 968 1335 1132 1416; x_wconf 89' lang='lat' dir='ltr'>quaedam</span> <span class='ocrx_word' id='word_1_80' title='bbox 1152 1335 1305 1398; x_wconf 88' lang='lat' dir='ltr'>videntur</span> <span class='ocrx_word' id='word_1_81' title='bbox 1323 1353 1395 1396; x_wconf 87' lang='lat' dir='ltr'>esse</span> 
     </span>
     <span class='ocr_line' id='line_1_11' title="bbox 245 1436 1394 1521; baseline -0.003 -19"><span class='ocrx_word' id='word_1_82' title='bbox 245 1439 428 1521; x_wconf 89' lang='lat' dir='ltr'>perfectae:</span> <span class='ocrx_word' id='word_1_83' title='bbox 461 1437 606 1519; x_wconf 87' lang='lat' dir='ltr'>singulas</span> <span class='ocrx_word' id='word_1_84' title='bbox 636 1437 725 1500; x_wconf 85' lang='lat' dir='ltr'>enim</span> <span class='ocrx_word' id='word_1_85' title='bbox 755 1455 806 1500; x_wconf 90' lang='lat' dir='ltr'>res</span> <span class='ocrx_word' id='word_1_86' title='bbox 843 1436 993 1518; x_wconf 89' lang='lat' dir='ltr'>stipulari</span> <span class='ocrx_word' id='word_1_87' title='bbox 1029 1447 1062 1502; x_wconf 92' lang='lat' dir='ltr'>et</span> <span class='ocrx_word' id='word_1_88' title='bbox 1092 1439 1135 1502; x_wconf 90' lang='lat' dir='ltr'>ad</span> <span class='ocrx_word' id='word_1_89' title='bbox 1169 1436 1315 1520; x_wconf 87' lang='lat' dir='ltr'>singulas</span> <span class='ocrx_word' id='word_1_90' title='bbox 1345 1456 1394 1499; x_wconf 90' lang='lat' dir='ltr'>re-</span> 
     </span>
     <span class='ocr_line' id='line_1_12' title="bbox 197 1537 1395 1625; baseline -0.007 -15"><span class='ocrx_word' id='word_1_91' title='bbox 197 1555 232 1610; x_wconf 88' lang='lat'>19</span> <span class='ocrx_word' id='word_1_92' title='bbox 246 1542 408 1625; x_wconf 91' lang='lat' dir='ltr'>spondere</span> <span class='ocrx_word' id='word_1_93' title='bbox 434 1540 627 1622; x_wconf 57' lang='lat' dir='ltr'>debemus.x</span> <span class='ocrx_word' id='word_1_94' title='bbox 659 1537 768 1602; x_wconf 90' lang='lat' dir='ltr'>Alteri</span> <span class='ocrx_word' id='word_1_95' title='bbox 799 1538 957 1622; x_wconf 87' lang='lat' dir='ltr'>stipulari,</span> <span class='ocrx_word' id='word_1_96' title='bbox 988 1551 1025 1605; x_wconf 91' lang='lat' dir='ltr'>ut</span> <span class='ocrx_word' id='word_1_97' title='bbox 1054 1559 1154 1622; x_wconf 91' lang='lat' dir='ltr'>supra</span> <span class='ocrx_word' id='word_1_98' title='bbox 1184 1542 1309 1604; x_wconf 92' lang='lat' dir='ltr'>dictum</span> <span class='ocrx_word' id='word_1_99' title='bbox 1337 1548 1395 1617; x_wconf 87' lang='lat' dir='ltr'>est,</span> 
     </span>
     <span class='ocr_line' id='line_1_13' title="bbox 246 1642 1395 1728; baseline -0.005 -17"><span class='ocrx_word' id='word_1_100' title='bbox 246 1667 344 1711; x_wconf 89' lang='lat' dir='ltr'>nemo</span> <span class='ocrx_word' id='word_1_101' title='bbox 366 1653 495 1728; x_wconf 89' lang='lat' dir='ltr'>potest:</span> <span class='ocrx_word' id='word_1_102' title='bbox 519 1646 671 1708; x_wconf 88' lang='lat' dir='ltr'>inventae</span> <span class='ocrx_word' id='word_1_103' title='bbox 695 1652 772 1706; x_wconf 92' lang='lat' dir='ltr'>sunt</span> <span class='ocrx_word' id='word_1_104' title='bbox 795 1643 884 1706; x_wconf 92' lang='lat' dir='ltr'>enim</span> <span class='ocrx_word' id='word_1_105' title='bbox 904 1642 1093 1708; x_wconf 90' lang='lat' dir='ltr'>huiusmodi</span> <span class='ocrx_word' id='word_1_106' title='bbox 1114 1644 1332 1728; x_wconf 85' lang='lat' dir='ltr'>obligationes</span> <span class='ocrx_word' id='word_1_107' title='bbox 1352 1643 1395 1706; x_wconf 92' lang='lat' dir='ltr'>ad</span> 
     </span>
     <span class='ocr_line' id='line_1_14' title="bbox 245 1746 1396 1830; baseline -0.003 -17"><span class='ocrx_word' id='word_1_108' title='bbox 245 1749 317 1828; x_wconf 95' lang='lat' dir='ltr'>hoc,</span> <span class='ocrx_word' id='word_1_109' title='bbox 333 1758 369 1812; x_wconf 93' lang='lat' dir='ltr'>ut</span> <span class='ocrx_word' id='word_1_110' title='bbox 385 1748 608 1830; x_wconf 89' lang='lat' dir='ltr'>unusquisque</span> <span class='ocrx_word' id='word_1_111' title='bbox 623 1747 685 1816; x_wconf 88' lang='lat' dir='ltr'>sibi</span> <span class='ocrx_word' id='word_1_112' title='bbox 705 1746 858 1828; x_wconf 90' lang='lat' dir='ltr'>adquirat</span> <span class='ocrx_word' id='word_1_113' title='bbox 879 1747 969 1828; x_wconf 94' lang='lat' dir='ltr'>quod</span> <span class='ocrx_word' id='word_1_114' title='bbox 991 1768 1050 1813; x_wconf 91' lang='lat' dir='ltr'>sua</span> <span class='ocrx_word' id='word_1_115' title='bbox 1071 1748 1226 1813; x_wconf 90' lang='lat' dir='ltr'>interest:</span> <span class='ocrx_word' id='word_1_116' title='bbox 1250 1757 1396 1812; x_wconf 90' lang='lat' dir='ltr'>ceterum</span> 
     </span>
     <span class='ocr_line' id='line_1_15' title="bbox 246 1849 1397 1934; baseline -0.003 -17"><span class='ocrx_word' id='word_1_117' title='bbox 246 1855 274 1918; x_wconf 91' lang='lat' dir='ltr'>si</span> <span class='ocrx_word' id='word_1_118' title='bbox 301 1853 356 1918; x_wconf 87' lang='lat' dir='ltr'>alii</span> <span class='ocrx_word' id='word_1_119' title='bbox 382 1853 487 1928; x_wconf 88' lang='lat' dir='ltr'>detur,</span> <span class='ocrx_word' id='word_1_120' title='bbox 516 1851 595 1915; x_wconf 93' lang='lat' dir='ltr'>nihil</span> <span class='ocrx_word' id='word_1_121' title='bbox 622 1853 759 1916; x_wconf 89' lang='lat' dir='ltr'>interest</span> <span class='ocrx_word' id='word_1_122' title='bbox 785 1849 998 1933; x_wconf 86' lang='lat' dir='ltr'>stipulatoris.</span> <span class='ocrx_word' id='word_1_123' title='bbox 1042 1853 1142 1934; x_wconf 87' lang='lat' dir='ltr'>plane</span> <span class='ocrx_word' id='word_1_124' title='bbox 1168 1855 1195 1916; x_wconf 90' lang='lat' dir='ltr'>si</span> <span class='ocrx_word' id='word_1_125' title='bbox 1219 1853 1293 1934; x_wconf 90' lang='lat' dir='ltr'>quis</span> <span class='ocrx_word' id='word_1_126' title='bbox 1317 1850 1397 1915; x_wconf 86' lang='lat' dir='ltr'>velit</span> 
     </span>
     <span class='ocr_line' id='line_1_16' title="bbox 246 1954 1397 2041; baseline -0.002 -19"><span class='ocrx_word' id='word_1_127' title='bbox 246 1957 309 2022; x_wconf 92' lang='lat' dir='ltr'>hoc</span> <span class='ocrx_word' id='word_1_128' title='bbox 339 1957 455 2038; x_wconf 81' lang='lat' dir='ltr'>facere,</span> <span class='ocrx_word' id='word_1_129' title='bbox 481 1977 623 2041; x_wconf 88' lang='lat' dir='ltr'>poenam</span> <span class='ocrx_word' id='word_1_130' title='bbox 651 1954 799 2038; x_wconf 84' lang='lat' dir='ltr'>stipulari</span> <span class='ocrx_word' id='word_1_131' title='bbox 830 1957 1012 2034; x_wconf 91' lang='lat' dir='ltr'>conveniet,</span> <span class='ocrx_word' id='word_1_132' title='bbox 1038 1967 1084 2033; x_wconf 94' lang='lat' dir='ltr'>ut,</span> <span class='ocrx_word' id='word_1_133' title='bbox 1110 1958 1171 2021; x_wconf 92' lang='lat' dir='ltr'>nisi</span> <span class='ocrx_word' id='word_1_134' title='bbox 1198 1958 1245 2021; x_wconf 84' lang='lat' dir='ltr'>ita</span> <span class='ocrx_word' id='word_1_135' title='bbox 1272 1957 1397 2021; x_wconf 85' lang='lat' dir='ltr'>sactum</span> 
     </span>
     <span class='ocr_line' id='line_1_17' title="bbox 247 2059 1397 2146; baseline -0.002 -20"><span class='ocrx_word' id='word_1_136' title='bbox 247 2063 300 2138; x_wconf 91' lang='lat' dir='ltr'>sit,</span> <span class='ocrx_word' id='word_1_137' title='bbox 327 2072 364 2128; x_wconf 93' lang='lat' dir='ltr'>ut</span> <span class='ocrx_word' id='word_1_138' title='bbox 391 2059 665 2146; x_wconf 87' lang='lat' dir='ltr'>comprehensum</span> <span class='ocrx_word' id='word_1_139' title='bbox 696 2067 791 2138; x_wconf 91' lang='lat' dir='ltr'>esset,</span> <span class='ocrx_word' id='word_1_140' title='bbox 821 2061 1048 2124; x_wconf 88' lang='lat' dir='ltr'>committetur</span> <span class='ocrx_word' id='word_1_141' title='bbox 1071 2081 1198 2145; x_wconf 90' lang='lat' dir='ltr'>poenae</span> <span class='ocrx_word' id='word_1_142' title='bbox 1228 2060 1397 2146; x_wconf 89' lang='lat' dir='ltr'>stipulatio</span> 
     </span>
     <span class='ocr_line' id='line_1_18' title="bbox 248 2163 1399 2248; baseline -0.002 -18"><span class='ocrx_word' id='word_1_143' title='bbox 248 2167 351 2231; x_wconf 89' lang='lat' dir='ltr'>etiam</span> <span class='ocrx_word' id='word_1_144' title='bbox 375 2165 405 2230; x_wconf 91' lang='lat' dir='ltr'>ei</span> <span class='ocrx_word' id='word_1_145' title='bbox 431 2165 522 2230; x_wconf 92' lang='lat' dir='ltr'>cuius</span> <span class='ocrx_word' id='word_1_146' title='bbox 545 2163 625 2227; x_wconf 93' lang='lat' dir='ltr'>nihil</span> <span class='ocrx_word' id='word_1_147' title='bbox 649 2165 803 2228; x_wconf 87' lang='lat' dir='ltr'>interest:</span> <span class='ocrx_word' id='word_1_148' title='bbox 837 2184 976 2246; x_wconf 92' lang='lat' dir='ltr'>poenam</span> <span class='ocrx_word' id='word_1_149' title='bbox 1002 2165 1089 2228; x_wconf 91' lang='lat' dir='ltr'>enim</span> <span class='ocrx_word' id='word_1_150' title='bbox 1116 2185 1191 2230; x_wconf 93' lang='lat' dir='ltr'>cum</span> <span class='ocrx_word' id='word_1_151' title='bbox 1222 2164 1399 2248; x_wconf 88' lang='lat' dir='ltr'>stipulatur</span> 
     </span>
     <span class='ocr_line' id='line_1_19' title="bbox 248 2267 1400 2352; baseline -0.001 -18"><span class='ocrx_word' id='word_1_152' title='bbox 248 2270 330 2352; x_wconf 92' lang='lat' dir='ltr'>quis,</span> <span class='ocrx_word' id='word_1_153' title='bbox 363 2289 430 2334; x_wconf 93' lang='lat' dir='ltr'>non</span> <span class='ocrx_word' id='word_1_154' title='bbox 460 2268 541 2332; x_wconf 92' lang='lat' dir='ltr'>illud</span> <span class='ocrx_word' id='word_1_155' title='bbox 572 2268 750 2350; x_wconf 87' lang='lat' dir='ltr'>inspicitur,</span> <span class='ocrx_word' id='word_1_156' title='bbox 780 2267 861 2349; x_wconf 94' lang='lat' dir='ltr'>quid</span> <span class='ocrx_word' id='word_1_157' title='bbox 891 2269 1019 2334; x_wconf 91' lang='lat' dir='ltr'>intersit</span> <span class='ocrx_word' id='word_1_158' title='bbox 1049 2269 1128 2348; x_wconf 89' lang='lat' dir='ltr'>eius,</span> <span class='ocrx_word' id='word_1_159' title='bbox 1152 2271 1211 2334; x_wconf 89' lang='lat' dir='ltr'>sed</span> <span class='ocrx_word' id='word_1_160' title='bbox 1243 2289 1329 2352; x_wconf 92' lang='lat' dir='ltr'>quae</span> <span class='ocrx_word' id='word_1_161' title='bbox 1355 2270 1400 2333; x_wconf 91' lang='lat' dir='ltr'>sit</span> 
     </span>
     <span class='ocr_line' id='line_1_20' title="bbox 248 2371 1400 2457; baseline 0.001 -20"><span class='ocrx_word' id='word_1_162' title='bbox 248 2373 416 2457; x_wconf 89' lang='lat' dir='ltr'>quantitas</span> <span class='ocrx_word' id='word_1_163' title='bbox 437 2373 470 2436; x_wconf 94' lang='lat' dir='ltr'>in</span> <span class='ocrx_word' id='word_1_164' title='bbox 489 2373 681 2437; x_wconf 88' lang='lat' dir='ltr'>condicione</span> <span class='ocrx_word' id='word_1_165' title='bbox 705 2371 936 2454; x_wconf 89' lang='lat' dir='ltr'>stipulationis.</span> <span class='ocrx_word' id='word_1_166' title='bbox 980 2393 1058 2456; x_wconf 91' lang='lat' dir='ltr'>ergo</span> <span class='ocrx_word' id='word_1_167' title='bbox 1081 2375 1109 2436; x_wconf 89' lang='lat' dir='ltr'>si</span> <span class='ocrx_word' id='word_1_168' title='bbox 1128 2376 1201 2455; x_wconf 92' lang='lat' dir='ltr'>quis</span> <span class='ocrx_word' id='word_1_169' title='bbox 1224 2373 1400 2456; x_wconf 88' lang='lat' dir='ltr'>stipuletur</span> 
     </span>
     <span class='ocr_line' id='line_1_21' title="bbox 248 2475 1399 2559; baseline -0.002 -17"><span class='ocrx_word' id='word_1_170' title='bbox 248 2479 340 2543; x_wconf 92' lang='lat' dir='ltr'>Titio</span> <span class='ocrx_word' id='word_1_171' title='bbox 357 2478 438 2554; x_wconf 91' lang='lat' dir='ltr'>dari,</span> <span class='ocrx_word' id='word_1_172' title='bbox 461 2475 540 2540; x_wconf 91' lang='lat' dir='ltr'>nihil</span> <span class='ocrx_word' id='word_1_173' title='bbox 560 2477 639 2559; x_wconf 89' lang='lat' dir='ltr'>agit,</span> <span class='ocrx_word' id='word_1_174' title='bbox 659 2476 717 2539; x_wconf 91' lang='lat' dir='ltr'>sed</span> <span class='ocrx_word' id='word_1_175' title='bbox 740 2476 767 2539; x_wconf 90' lang='lat' dir='ltr'>si</span> <span class='ocrx_word' id='word_1_176' title='bbox 790 2475 957 2540; x_wconf 89' lang='lat' dir='ltr'>addiderit</span> <span class='ocrx_word' id='word_1_177' title='bbox 977 2476 1020 2540; x_wconf 92' lang='lat' dir='ltr'>de</span> <span class='ocrx_word' id='word_1_178' title='bbox 1040 2497 1146 2559; x_wconf 88' lang='lat' dir='ltr'>poena</span> <span class='ocrx_word' id='word_1_179' title='bbox 1164 2479 1243 2542; x_wconf 87' lang='lat' dir='ltr'>‘nisi</span> <span class='ocrx_word' id='word_1_180' title='bbox 1261 2479 1399 2557; x_wconf 88' lang='lat' dir='ltr'>dederis,</span> 
     </span>
     <span class='ocr_line' id='line_1_22' title="bbox 201 2576 1400 2665; baseline -0.001 -18"><span class='ocrx_word' id='word_1_181' title='bbox 201 2605 236 2658; x_wconf 85' lang='lat'>20</span> <span class='ocrx_word' id='word_1_182' title='bbox 249 2592 300 2648; x_wconf 93' lang='lat' dir='ltr'>tot</span> <span class='ocrx_word' id='word_1_183' title='bbox 321 2601 438 2645; x_wconf 89' lang='lat' dir='ltr'>aureos</span> <span class='ocrx_word' id='word_1_184' title='bbox 456 2583 535 2644; x_wconf 91' lang='lat' dir='ltr'>dare</span> <span class='ocrx_word' id='word_1_185' title='bbox 550 2576 735 2661; x_wconf 84' lang='lat' dir='ltr'>spondes?’</span> <span class='ocrx_word' id='word_1_186' title='bbox 758 2589 837 2645; x_wconf 92' lang='lat' dir='ltr'>tunc</span> <span class='ocrx_word' id='word_1_187' title='bbox 858 2581 1076 2645; x_wconf 90' lang='lat' dir='ltr'>committitur</span> <span class='ocrx_word' id='word_1_188' title='bbox 1096 2582 1274 2665; x_wconf 92' lang='lat' dir='ltr'>stipulatio.</span> <span class='ocrx_word' id='word_1_189' title='bbox 1330 2583 1400 2648; x_wconf 91' lang='lat' dir='ltr'>Sed</span> 
     </span>
     <span class='ocr_line' id='line_1_23' title="bbox 250 2684 1397 2770; baseline -0.003 -18"><span class='ocrx_word' id='word_1_190' title='bbox 250 2697 283 2752; x_wconf 89' lang='lat' dir='ltr'>et</span> <span class='ocrx_word' id='word_1_191' title='bbox 305 2687 332 2752; x_wconf 92' lang='lat' dir='ltr'>si</span> <span class='ocrx_word' id='word_1_192' title='bbox 356 2687 429 2768; x_wconf 90' lang='lat' dir='ltr'>quis</span> <span class='ocrx_word' id='word_1_193' title='bbox 453 2685 629 2767; x_wconf 90' lang='lat' dir='ltr'>stipuletur</span> <span class='ocrx_word' id='word_1_194' title='bbox 648 2684 712 2760; x_wconf 89' lang='lat' dir='ltr'>alii,</span> <span class='ocrx_word' id='word_1_195' title='bbox 737 2705 813 2750; x_wconf 91' lang='lat' dir='ltr'>cum</span> <span class='ocrx_word' id='word_1_196' title='bbox 840 2685 908 2749; x_wconf 90' lang='lat' dir='ltr'>eius</span> <span class='ocrx_word' id='word_1_197' title='bbox 935 2686 1115 2762; x_wconf 90' lang='lat' dir='ltr'>interesset,</span> <span class='ocrx_word' id='word_1_198' title='bbox 1141 2687 1266 2770; x_wconf 91' lang='lat' dir='ltr'>placuit</span> <span class='ocrx_word' id='word_1_199' title='bbox 1292 2688 1397 2769; x_wconf 91' lang='lat' dir='ltr'>stipu-</span> 
     </span>
     <span class='ocr_line' id='line_1_24' title="bbox 250 2788 1401 2873; baseline -0.002 -17"><span class='ocrx_word' id='word_1_200' title='bbox 250 2791 409 2856; x_wconf 89' lang='lat' dir='ltr'>lationem</span> <span class='ocrx_word' id='word_1_201' title='bbox 426 2788 546 2854; x_wconf 88' lang='lat' dir='ltr'>valere.</span> <span class='ocrx_word' id='word_1_202' title='bbox 591 2809 669 2853; x_wconf 93' lang='lat' dir='ltr'>nam</span> <span class='ocrx_word' id='word_1_203' title='bbox 692 2789 719 2852; x_wconf 90' lang='lat' dir='ltr'>si</span> <span class='ocrx_word' id='word_1_204' title='bbox 740 2789 776 2866; x_wconf 89' lang='lat' dir='ltr'>is,</span> <span class='ocrx_word' id='word_1_205' title='bbox 794 2789 851 2872; x_wconf 89' lang='lat' dir='ltr'>qui</span> <span class='ocrx_word' id='word_1_206' title='bbox 872 2790 987 2873; x_wconf 88' lang='lat' dir='ltr'>pupilli</span> <span class='ocrx_word' id='word_1_207' title='bbox 1010 2791 1150 2855; x_wconf 90' lang='lat' dir='ltr'>tutelam</span> <span class='ocrx_word' id='word_1_208' title='bbox 1172 2791 1401 2855; x_wconf 91' lang='lat' dir='ltr'>administrare</span> 
     </span>
    </p>

    <p class='ocr_par' dir='ltr' id='par_1_4' title="bbox 166 2893 1402 3292">
     <span class='ocr_line' id='line_1_25' title="bbox 166 2893 1402 2978; baseline -0.002 -18"><span class='ocrx_word' id='word_1_209' title='bbox 166 2925 169 2930; x_wconf 95' lang='lat'>·</span> <span class='ocrx_word' id='word_1_210' title='bbox 251 2903 413 2977; x_wconf 88' lang='lat' dir='ltr'>coeperat,</span> <span class='ocrx_word' id='word_1_211' title='bbox 431 2893 529 2958; x_wconf 89' lang='lat' dir='ltr'>cessit</span> <span class='ocrx_word' id='word_1_212' title='bbox 544 2893 830 2957; x_wconf 89' lang='lat' dir='ltr'>administratione</span> <span class='ocrx_word' id='word_1_213' title='bbox 846 2895 1010 2957; x_wconf 91' lang='lat' dir='ltr'>contutori</span> <span class='ocrx_word' id='word_1_214' title='bbox 1031 2915 1091 2958; x_wconf 92' lang='lat' dir='ltr'>suo</span> <span class='ocrx_word' id='word_1_215' title='bbox 1107 2905 1140 2958; x_wconf 91' lang='lat' dir='ltr'>et</span> <span class='ocrx_word' id='word_1_216' title='bbox 1158 2893 1334 2978; x_wconf 90' lang='lat' dir='ltr'>stipulatus</span> <span class='ocrx_word' id='word_1_217' title='bbox 1350 2903 1402 2958; x_wconf 89' lang='lat' dir='ltr'>est</span> 
     </span>
     <span class='ocr_line' id='line_1_26' title="bbox 251 2996 1401 3082; baseline -0.001 -18"><span class='ocrx_word' id='word_1_218' title='bbox 251 3021 321 3064; x_wconf 91' lang='lat' dir='ltr'>rem</span> <span class='ocrx_word' id='word_1_219' title='bbox 347 2997 463 3082; x_wconf 89' lang='lat' dir='ltr'>pupilli</span> <span class='ocrx_word' id='word_1_220' title='bbox 490 2997 616 3062; x_wconf 91' lang='lat' dir='ltr'>salvam</span> <span class='ocrx_word' id='word_1_221' title='bbox 646 2996 725 3076; x_wconf 90' lang='lat' dir='ltr'>fore,</span> <span class='ocrx_word' id='word_1_222' title='bbox 755 2998 911 3079; x_wconf 91' lang='lat' dir='ltr'>quoniam</span> <span class='ocrx_word' id='word_1_223' title='bbox 938 2999 1074 3063; x_wconf 89' lang='lat' dir='ltr'>interest</span> <span class='ocrx_word' id='word_1_224' title='bbox 1100 2999 1305 3081; x_wconf 92' lang='lat' dir='ltr'>stipulatoris</span> <span class='ocrx_word' id='word_1_225' title='bbox 1331 2999 1401 3064; x_wconf 89' lang='lat' dir='ltr'>fieri</span> 
     </span>
     <span class='ocr_line' id='line_1_27' title="bbox 251 3100 1402 3188; baseline -0.003 -19"><span class='ocrx_word' id='word_1_226' title='bbox 251 3106 341 3188; x_wconf 93' lang='lat' dir='ltr'>quod</span> <span class='ocrx_word' id='word_1_227' title='bbox 367 3102 545 3187; x_wconf 89' lang='lat' dir='ltr'>stipulatus</span> <span class='ocrx_word' id='word_1_228' title='bbox 570 3111 629 3181; x_wconf 91' lang='lat' dir='ltr'>est,</span> <span class='ocrx_word' id='word_1_229' title='bbox 654 3121 729 3166; x_wconf 90' lang='lat' dir='ltr'>cum</span> <span class='ocrx_word' id='word_1_230' title='bbox 754 3100 920 3182; x_wconf 90' lang='lat' dir='ltr'>obligatus</span> <span class='ocrx_word' id='word_1_231' title='bbox 945 3102 1074 3166; x_wconf 85' lang='lat' dir='ltr'>futurus</span> <span class='ocrx_word' id='word_1_232' title='bbox 1096 3111 1182 3166; x_wconf 89' lang='lat' dir='ltr'>esset</span> <span class='ocrx_word' id='word_1_233' title='bbox 1208 3102 1344 3186; x_wconf 89' lang='lat' dir='ltr'>pupillo,</span> <span class='ocrx_word' id='word_1_234' title='bbox 1371 3103 1402 3166; x_wconf 90' lang='lat' dir='ltr'>si</span> 
     </span>
     <span class='ocr_line' id='line_1_28' title="bbox 252 3205 1402 3292; baseline -0.001 -19"><span class='ocrx_word' id='word_1_235' title='bbox 252 3207 338 3273; x_wconf 89' lang='lat' dir='ltr'>male</span> <span class='ocrx_word' id='word_1_236' title='bbox 362 3228 413 3272; x_wconf 91' lang='lat' dir='ltr'>res</span> <span class='ocrx_word' id='word_1_237' title='bbox 438 3206 586 3292; x_wconf 90' lang='lat' dir='ltr'>gesserit,</span> <span class='ocrx_word' id='word_1_238' title='bbox 613 3214 707 3270; x_wconf 92' lang='lat' dir='ltr'>tenet</span> <span class='ocrx_word' id='word_1_239' title='bbox 737 3205 906 3288; x_wconf 88' lang='lat' dir='ltr'>obligatio.</span> <span class='ocrx_word' id='word_1_240' title='bbox 954 3217 1093 3289; x_wconf 89' lang='lat' dir='ltr'>ergoet</span> <span class='ocrx_word' id='word_1_241' title='bbox 1123 3209 1150 3272; x_wconf 89' lang='lat' dir='ltr'>si</span> <span class='ocrx_word' id='word_1_242' title='bbox 1180 3208 1254 3290; x_wconf 90' lang='lat' dir='ltr'>quis</span> <span class='ocrx_word' id='word_1_243' title='bbox 1283 3228 1402 3290; x_wconf 90' lang='lat' dir='ltr'>procu-</span> 
     </span>
    </p>
   </div>
   <div class='ocr_carea' id='block_1_3' title="bbox 253 3453 1407 4532">
    <p class='ocr_par' dir='ltr' id='par_1_5' title="bbox 253 3453 1404 3611">
     <span class='ocr_line' id='line_1_29' title="bbox 253 3453 1404 3528; baseline -0.001 -14"><span class='ocrx_word' id='word_1_244' title='bbox 253 3459 286 3514; x_wconf 70' lang='grc' dir='ltr'>οἱ</span> <span class='ocrx_word' id='word_1_245' title='bbox 293 3459 342 3514; x_wconf 89' lang='lat' dir='ltr'>the</span> <span class='ocrx_word' id='word_1_246' title='bbox 354 3456 628 3514; x_wconf 87' lang='lat' dir='ltr'>unreasonableness</span> <span class='ocrx_word' id='word_1_247' title='bbox 641 3457 674 3510; x_wconf 88' lang='lat' dir='ltr'>of</span> <span class='ocrx_word' id='word_1_248' title='bbox 682 3455 731 3510; x_wconf 90' lang='lat' dir='ltr'>the</span> <span class='ocrx_word' id='word_1_249' title='bbox 745 3453 917 3524; x_wconf 90' lang='lat' dir='ltr'>distinction,</span> <span class='ocrx_word' id='word_1_250' title='bbox 927 3455 960 3509; x_wconf 85' lang='lat' dir='ltr'>os</span> <span class='ocrx_word' id='word_1_251' title='bbox 966 3455 1057 3510; x_wconf 89' lang='lat' dir='ltr'>which</span> <span class='ocrx_word' id='word_1_252' title='bbox 1069 3457 1106 3512; x_wconf 89' lang='lat' dir='ltr'>he</span> <span class='ocrx_word' id='word_1_253' title='bbox 1119 3474 1185 3527; x_wconf 89' lang='lat' dir='ltr'>says</span> <span class='ocrx_word' id='word_1_254' title='bbox 1196 3459 1266 3512; x_wconf 89' lang='lat' dir='ltr'>‘non</span> <span class='ocrx_word' id='word_1_255' title='bbox 1279 3457 1404 3528; x_wconf 88' lang='lat' dir='ltr'>pretiosa</span> 
     </span>
     <span class='ocr_line' id='line_1_30' title="bbox 253 3539 771 3611; baseline -0.008 -13"><span class='ocrx_word' id='word_1_256' title='bbox 253 3543 362 3598; x_wconf 88' lang='lat' dir='ltr'>ratione</span> <span class='ocrx_word' id='word_1_257' title='bbox 374 3551 519 3611; x_wconf 87' lang='lat' dir='ltr'>receptum</span> <span class='ocrx_word' id='word_1_258' title='bbox 533 3539 657 3595; x_wconf 88' lang='lat' dir='ltr'>videtur’</span> <span class='ocrx_word' id='word_1_259' title='bbox 670 3539 698 3594; x_wconf 91' lang='lat' dir='ltr'>ii.</span> <span class='ocrx_word' id='word_1_260' title='bbox 712 3554 771 3607; x_wconf 86' lang='lat'>232.</span> 
     </span>
    </p>

    <p class='ocr_par' dir='ltr' id='par_1_6' title="bbox 254 3621 1404 3777">
     <span class='ocr_line' id='line_1_31' title="bbox 289 3621 1404 3696; baseline 0.003 -18"><span class='ocrx_word' id='word_1_261' title='bbox 289 3627 303 3693; x_wconf 86' lang='lat'>§</span> <span class='ocrx_word' id='word_1_262' title='bbox 317 3627 362 3680; x_wconf 79' lang='lat'>16.</span> <span class='ocrx_word' id='word_1_263' title='bbox 381 3626 407 3678; x_wconf 86' lang='lat' dir='ltr'><strong>A</strong></span> <span class='ocrx_word' id='word_1_264' title='bbox 420 3623 583 3693; x_wconf 87' lang='lat' dir='ltr'>stipulation</span> <span class='ocrx_word' id='word_1_265' title='bbox 596 3623 639 3675; x_wconf 85' lang='lat' dir='ltr'>sor</span> <span class='ocrx_word' id='word_1_266' title='bbox 651 3621 846 3691; x_wconf 82' lang='lat' dir='ltr'>performance</span> <span class='ocrx_word' id='word_1_267' title='bbox 859 3622 931 3678; x_wconf 88' lang='lat' dir='ltr'>after</span> <span class='ocrx_word' id='word_1_268' title='bbox 942 3622 992 3679; x_wconf 91' lang='lat' dir='ltr'>the</span> <span class='ocrx_word' id='word_1_269' title='bbox 1004 3621 1090 3680; x_wconf 88' lang='lat' dir='ltr'>death</span> <span class='ocrx_word' id='word_1_270' title='bbox 1103 3624 1162 3680; x_wconf 86' lang='lat' dir='ltr'>osa</span> <span class='ocrx_word' id='word_1_271' title='bbox 1175 3623 1251 3680; x_wconf 90' lang='lat' dir='ltr'>third</span> <span class='ocrx_word' id='word_1_272' title='bbox 1263 3642 1364 3696; x_wconf 90' lang='lat' dir='ltr'>person</span> <span class='ocrx_word' id='word_1_273' title='bbox 1378 3624 1404 3681; x_wconf 89' lang='lat' dir='ltr'>is</span> 
     </span>
     <span class='ocr_line' id='line_1_32' title="bbox 254 3703 990 3777; baseline -0.003 -14"><span class='ocrx_word' id='word_1_274' title='bbox 254 3707 360 3776; x_wconf 89' lang='lat' dir='ltr'>merely</span> <span class='ocrx_word' id='word_1_275' title='bbox 372 3723 406 3761; x_wconf 90' lang='lat' dir='ltr'>ex</span> <span class='ocrx_word' id='word_1_276' title='bbox 419 3705 473 3774; x_wconf 90' lang='lat' dir='ltr'>die,</span> <span class='ocrx_word' id='word_1_277' title='bbox 486 3705 530 3759; x_wconf 83' lang='lat' dir='ltr'>sor</span> <span class='ocrx_word' id='word_1_278' title='bbox 542 3703 634 3759; x_wconf 81' lang='lat' dir='ltr'>which</span> <span class='ocrx_word' id='word_1_279' title='bbox 647 3721 696 3758; x_wconf 89' lang='lat' dir='ltr'>see</span> <span class='ocrx_word' id='word_1_280' title='bbox 708 3720 746 3758; x_wconf 89' lang='lat' dir='ltr'>on</span> <span class='ocrx_word' id='word_1_281' title='bbox 759 3705 815 3762; x_wconf 90' lang='lat' dir='ltr'>Tit.</span> <span class='ocrx_word' id='word_1_282' title='bbox 833 3719 871 3776; x_wconf 81' lang='lat'>15.</span> <span class='ocrx_word' id='word_1_283' title='bbox 886 3721 902 3761; x_wconf 87' lang='lat'><em>2</em></span> <span class='ocrx_word' id='word_1_284' title='bbox 915 3723 990 3777; x_wconf 88' lang='lat' dir='ltr'>supr.</span> 
     </span>
    </p>

    <p class='ocr_par' dir='ltr' id='par_1_7' title="bbox 253 3785 1407 4358">
     <span class='ocr_line' id='line_1_33' title="bbox 290 3785 1404 3863; baseline 0.003 -19"><span class='ocrx_word' id='word_1_285' title='bbox 290 3793 305 3858; x_wconf 88' lang='lat'>§</span> <span class='ocrx_word' id='word_1_286' title='bbox 319 3793 363 3846; x_wconf 86' lang='grc'>17.</span> <span class='ocrx_word' id='word_1_287' title='bbox 382 3787 452 3842; x_wconf 90' lang='lat' dir='ltr'>This</span> <span class='ocrx_word' id='word_1_288' title='bbox 470 3788 530 3843; x_wconf 84' lang='lat' dir='ltr'>rute</span> <span class='ocrx_word' id='word_1_289' title='bbox 549 3787 573 3842; x_wconf 88' lang='lat' dir='ltr'>is</span> <span class='ocrx_word' id='word_1_290' title='bbox 592 3785 678 3841; x_wconf 89' lang='lat' dir='ltr'>taken</span> <span class='ocrx_word' id='word_1_291' title='bbox 690 3785 763 3841; x_wconf 87' lang='lat' dir='ltr'>from</span> <span class='ocrx_word' id='word_1_292' title='bbox 778 3789 890 3860; x_wconf 89' lang='lat' dir='ltr'>Paulus,</span> <span class='ocrx_word' id='word_1_293' title='bbox 904 3800 973 3846; x_wconf 89' lang='lat' dir='ltr'>sent.</span> <span class='ocrx_word' id='word_1_294' title='bbox 987 3807 1042 3846; x_wconf 89' lang='lat' dir='ltr'>rec.</span> <span class='ocrx_word' id='word_1_295' title='bbox 1059 3799 1081 3861; x_wconf 80' lang='grc' dir='ltr'>ς.</span> <span class='ocrx_word' id='word_1_296' title='bbox 1096 3803 1120 3858; x_wconf 88' lang='lat'>7.</span> <span class='ocrx_word' id='word_1_297' title='bbox 1135 3805 1170 3846; x_wconf 86' lang='lat'>2:</span> <span class='ocrx_word' id='word_1_298' title='bbox 1189 3808 1222 3846; x_wconf 86' lang='lat' dir='ltr'>so</span> <span class='ocrx_word' id='word_1_299' title='bbox 1235 3799 1283 3847; x_wconf 91' lang='lat' dir='ltr'>too</span> <span class='ocrx_word' id='word_1_300' title='bbox 1297 3791 1404 3863; x_wconf 87' lang='lat' dir='ltr'>Ulpian</span> 
     </span>
     <span class='ocr_line' id='line_1_34' title="bbox 253 3869 1405 3945; baseline 0 -15"><span class='ocrx_word' id='word_1_301' title='bbox 253 3891 319 3943; x_wconf 89' lang='lat' dir='ltr'>says</span> <span class='ocrx_word' id='word_1_302' title='bbox 333 3871 426 3944; x_wconf 87' lang='lat' dir='ltr'>‘quod</span> <span class='ocrx_word' id='word_1_303' title='bbox 439 3871 497 3926; x_wconf 83' lang='lat' dir='ltr'>sere</span> <span class='ocrx_word' id='word_1_304' title='bbox 514 3869 670 3925; x_wconf 86' lang='lat' dir='ltr'>novissima</span> <span class='ocrx_word' id='word_1_305' title='bbox 685 3880 765 3940; x_wconf 88' lang='lat' dir='ltr'>parte</span> <span class='ocrx_word' id='word_1_306' title='bbox 781 3883 929 3942; x_wconf 87' lang='lat' dir='ltr'>pactorum</span> <span class='ocrx_word' id='word_1_307' title='bbox 942 3873 982 3929; x_wconf 83' lang='lat' dir='ltr'>ita</span> <span class='ocrx_word' id='word_1_308' title='bbox 997 3873 1091 3944; x_wconf 87' lang='lat' dir='ltr'>inseri,</span> <span class='ocrx_word' id='word_1_309' title='bbox 1104 3873 1213 3944; x_wconf 85' lang='lat' dir='ltr'>rogavit</span> <span class='ocrx_word' id='word_1_310' title='bbox 1227 3874 1326 3945; x_wconf 87' lang='lat' dir='ltr'>Titius,</span> <span class='ocrx_word' id='word_1_311' title='bbox 1340 3891 1405 3944; x_wconf 90' lang='lat' dir='ltr'>spo·</span> 
     </span>
     <span class='ocr_line' id='line_1_35' title="bbox 254 3953 1405 4029; baseline 0.001 -17"><span class='ocrx_word' id='word_1_312' title='bbox 254 3956 354 4029; x_wconf 90' lang='lat' dir='ltr'>pondit</span> <span class='ocrx_word' id='word_1_313' title='bbox 374 3953 512 4023; x_wconf 86' lang='lat' dir='ltr'>Maevius,</span> <span class='ocrx_word' id='word_1_314' title='bbox 525 3954 598 4008; x_wconf 90' lang='lat' dir='ltr'>haec</span> <span class='ocrx_word' id='word_1_315' title='bbox 610 3953 697 4008; x_wconf 87' lang='lat' dir='ltr'>verba</span> <span class='ocrx_word' id='word_1_316' title='bbox 715 3971 772 4009; x_wconf 87' lang='lat' dir='ltr'>non</span> <span class='ocrx_word' id='word_1_317' title='bbox 786 3966 896 4012; x_wconf 88' lang='lat' dir='ltr'>tantum</span> <span class='ocrx_word' id='word_1_318' title='bbox 915 3957 1054 4028; x_wconf 87' lang='lat' dir='ltr'>pactionis</span> <span class='ocrx_word' id='word_1_319' title='bbox 1073 3959 1137 4013; x_wconf 91' lang='lat' dir='ltr'>loco</span> <span class='ocrx_word' id='word_1_320' title='bbox 1155 3959 1338 4029; x_wconf 88' lang='lat' dir='ltr'>accipiuntur,</span> <span class='ocrx_word' id='word_1_321' title='bbox 1353 3959 1405 4014; x_wconf 90' lang='lat' dir='ltr'>sed</span> 
     </span>
     <span class='ocr_line' id='line_1_36' title="bbox 253 4035 1405 4111; baseline -0.001 -14"><span class='ocrx_word' id='word_1_322' title='bbox 253 4041 341 4097; x_wconf 88' lang='lat' dir='ltr'>etiarn</span> <span class='ocrx_word' id='word_1_323' title='bbox 360 4036 566 4108; x_wconf 86' lang='lat' dir='ltr'>stipulationis:</span> <span class='ocrx_word' id='word_1_324' title='bbox 586 4035 707 4108; x_wconf 87' lang='lat' dir='ltr'>ideoque</span> <span class='ocrx_word' id='word_1_325' title='bbox 726 4055 761 4093; x_wconf 89' lang='lat' dir='ltr'>ex</span> <span class='ocrx_word' id='word_1_326' title='bbox 779 4039 914 4108; x_wconf 84' lang='lat' dir='ltr'>stipulatu</span> <span class='ocrx_word' id='word_1_327' title='bbox 931 4041 1056 4096; x_wconf 87' lang='lat' dir='ltr'>nascitur</span> <span class='ocrx_word' id='word_1_328' title='bbox 1068 4041 1151 4111; x_wconf 89' lang='lat' dir='ltr'>actio,</span> <span class='ocrx_word' id='word_1_329' title='bbox 1165 4042 1219 4097; x_wconf 91' lang='lat' dir='ltr'>nisi</span> <span class='ocrx_word' id='word_1_330' title='bbox 1233 4042 1405 4097; x_wconf 89' lang='lat' dir='ltr'>contrarium</span> 
     </span>
     <span class='ocr_line' id='line_1_37' title="bbox 254 4119 1407 4195; baseline 0.001 -16"><span class='ocrx_word' id='word_1_331' title='bbox 254 4120 415 4195; x_wconf 88' lang='lat' dir='ltr'>specialiter</span> <span class='ocrx_word' id='word_1_332' title='bbox 426 4119 606 4190; x_wconf 86' lang='lat' dir='ltr'>adprobetur,</span> <span class='ocrx_word' id='word_1_333' title='bbox 620 4121 697 4190; x_wconf 94' lang='lat' dir='ltr'>quod</span> <span class='ocrx_word' id='word_1_334' title='bbox 714 4137 772 4176; x_wconf 90' lang='lat' dir='ltr'>non</span> <span class='ocrx_word' id='word_1_335' title='bbox 786 4122 881 4176; x_wconf 85' lang='lat' dir='ltr'>animo</span> <span class='ocrx_word' id='word_1_336' title='bbox 895 4123 1089 4194; x_wconf 88' lang='lat' dir='ltr'>stipulantium</span> <span class='ocrx_word' id='word_1_337' title='bbox 1102 4125 1157 4179; x_wconf 94' lang='lat' dir='ltr'>hoc</span> <span class='ocrx_word' id='word_1_338' title='bbox 1169 4125 1277 4180; x_wconf 83' lang='lat' dir='ltr'>factum</span> <span class='ocrx_word' id='word_1_339' title='bbox 1289 4135 1340 4194; x_wconf 88' lang='lat' dir='ltr'>est,</span> <span class='ocrx_word' id='word_1_340' title='bbox 1354 4125 1407 4180; x_wconf 90' lang='lat' dir='ltr'>sed</span> 
     </span>
     <span class='ocr_line' id='line_1_38' title="bbox 254 4203 1406 4279; baseline 0.002 -16"><span class='ocrx_word' id='word_1_341' title='bbox 254 4217 366 4263; x_wconf 86' lang='lat' dir='ltr'>tantum</span> <span class='ocrx_word' id='word_1_342' title='bbox 384 4203 603 4275; x_wconf 84' lang='lat' dir='ltr'>paciscentium’</span> <span class='ocrx_word' id='word_1_343' title='bbox 620 4203 685 4276; x_wconf 89' lang='lat' dir='ltr'>Dig.</span> <span class='ocrx_word' id='word_1_344' title='bbox 700 4220 725 4262; x_wconf 86' lang='lat'>2.</span> <span class='ocrx_word' id='word_1_345' title='bbox 743 4219 781 4273; x_wconf 88' lang='lat'>14.</span> <span class='ocrx_word' id='word_1_346' title='bbox 795 4218 819 4273; x_wconf 88' lang='lat'>7.</span> <span class='ocrx_word' id='word_1_347' title='bbox 833 4221 857 4262; x_wconf 90' lang='lat'>2.</span> <span class='ocrx_word' id='word_1_348' title='bbox 896 4208 953 4263; x_wconf 88' lang='lat' dir='ltr'>For</span> <span class='ocrx_word' id='word_1_349' title='bbox 972 4207 1020 4265; x_wconf 89' lang='lat' dir='ltr'>the</span> <span class='ocrx_word' id='word_1_350' title='bbox 1038 4207 1157 4279; x_wconf 86' lang='lat' dir='ltr'>bearing</span> <span class='ocrx_word' id='word_1_351' title='bbox 1176 4209 1208 4264; x_wconf 80' lang='lat' dir='ltr'>of</span> <span class='ocrx_word' id='word_1_352' title='bbox 1218 4211 1232 4278; x_wconf 86' lang='lat'>§</span> <span class='ocrx_word' id='word_1_353' title='bbox 1250 4223 1280 4264; x_wconf 89' lang='lat'>12</span> <span class='ocrx_word' id='word_1_354' title='bbox 1294 4225 1332 4263; x_wconf 89' lang='lat' dir='ltr'>on</span> <span class='ocrx_word' id='word_1_355' title='bbox 1349 4209 1406 4266; x_wconf 87' lang='lat' dir='ltr'>this</span> 
     </span>
     <span class='ocr_line' id='line_1_39' title="bbox 255 4288 417 4358; baseline -0.025 -12"><span class='ocrx_word' id='word_1_356' title='bbox 255 4307 303 4346; x_wconf 85' lang='lat' dir='ltr'>see</span> <span class='ocrx_word' id='word_1_357' title='bbox 316 4305 342 4358; x_wconf 89' lang='lat' dir='ltr'>p.</span> <span class='ocrx_word' id='word_1_358' title='bbox 357 4288 417 4356; x_wconf 85' lang='lat'>389.</span> 
     </span>
    </p>

    <p class='ocr_par' dir='ltr' id='par_1_8' title="bbox 291 4367 636 4442">
     <span class='ocr_line' id='line_1_40' title="bbox 291 4367 636 4442; baseline 0.006 -17"><span class='ocrx_word' id='word_1_359' title='bbox 291 4375 305 4442; x_wconf 85' lang='lat'>§</span> <span class='ocrx_word' id='word_1_360' title='bbox 319 4375 363 4426; x_wconf 78' lang='lat'>19.</span> <span class='ocrx_word' id='word_1_361' title='bbox 384 4371 439 4427; x_wconf 88' lang='lat' dir='ltr'>See</span> <span class='ocrx_word' id='word_1_362' title='bbox 452 4387 489 4425; x_wconf 90' lang='lat' dir='ltr'>on</span> <span class='ocrx_word' id='word_1_363' title='bbox 503 4367 517 4442; x_wconf 69' lang='grc' dir='ltr'><strong>ξ</strong></span> <span class='ocrx_word' id='word_1_364' title='bbox 532 4385 549 4439; x_wconf 93' lang='grc'>4</span> <span class='ocrx_word' id='word_1_365' title='bbox 562 4388 636 4442; x_wconf 86' lang='lat' dir='ltr'>supr.</span> 
     </span>
    </p>

    <p class='ocr_par' dir='ltr' id='par_1_9' title="bbox 291 4455 1407 4532">
     <span class='ocr_line' id='line_1_41' title="bbox 291 4455 1407 4532; baseline 0.003 -20"><span class='ocrx_word' id='word_1_366' title='bbox 291 4460 305 4528; x_wconf 64' lang='lat' dir='ltr'>t</span> <span class='ocrx_word' id='word_1_367' title='bbox 320 4459 369 4513; x_wconf 75' lang='lat'>20.</span> <span class='ocrx_word' id='word_1_368' title='bbox 390 4455 444 4514; x_wconf 87' lang='lat' dir='ltr'>See</span> <span class='ocrx_word' id='word_1_369' title='bbox 458 4456 506 4513; x_wconf 88' lang='lat' dir='ltr'>the</span> <span class='ocrx_word' id='word_1_370' title='bbox 524 4465 591 4514; x_wconf 88' lang='lat' dir='ltr'>note</span> <span class='ocrx_word' id='word_1_371' title='bbox 603 4456 658 4513; x_wconf 87' lang='lat' dir='ltr'>last</span> <span class='ocrx_word' id='word_1_372' title='bbox 671 4455 793 4515; x_wconf 81' lang='lat' dir='ltr'>referred</span> <span class='ocrx_word' id='word_1_373' title='bbox 806 4465 853 4513; x_wconf 91' lang='lat' dir='ltr'>to:</span> <span class='ocrx_word' id='word_1_374' title='bbox 873 4457 931 4514; x_wconf 90' lang='lat' dir='ltr'>and</span> <span class='ocrx_word' id='word_1_375' title='bbox 943 4457 986 4514; x_wconf 83' lang='lat' dir='ltr'>lor</span> <span class='ocrx_word' id='word_1_376' title='bbox 998 4461 1046 4516; x_wconf 90' lang='lat' dir='ltr'>the</span> <span class='ocrx_word' id='word_1_377' title='bbox 1059 4458 1178 4532; x_wconf 80' lang='lat' dir='ltr'>liability</span> <span class='ocrx_word' id='word_1_378' title='bbox 1191 4459 1225 4516; x_wconf 83' lang='lat' dir='ltr'>os</span> <span class='ocrx_word' id='word_1_379' title='bbox 1232 4467 1308 4516; x_wconf 89' lang='lat' dir='ltr'>tutor</span> <span class='ocrx_word' id='word_1_380' title='bbox 1319 4460 1407 4516; x_wconf 86' lang='lat' dir='ltr'>hono·</span> 
     </span>
    </p>
   </div>
   <div class='ocr_carea' id='block_1_4' title="bbox 0 0 1595 5024">
    <p class='ocr_par' dir='ltr' id='par_1_10' title="bbox 0 0 1595 5024">
     <span class='ocr_line' id='line_1_42' title="bbox 0 0 1595 5024; baseline 0 0"><span class='ocrx_word' id='word_1_381' title='bbox 0 0 1595 5024; x_wconf 95' lang='lat' dir='ltr'> </span> 
     </span>
    </p>
   </div>
  </div>
 </body>
</html>
