3112 5016
163 342 212 390 Tit.
224 335 259 404 5.]
303 333 364 388 DE
387 333 746 390 OBLIGATIONIBUS
768 332 885 405 QUAE
907 332 1042 404 QUASI,
1065 333 1126 401 ET
1126 333 1157 390 C.
1246 338 1310 409 525

716 587 758 652 V.

163 767 222 846 DE¹
234 765 547 818 OBLIGATIONIBUS
567 765 671 829 QUAE
691 765 806 830 QUASI
826 767 876 817 EX
895 767 1056 820 DELICTO
1072 767 1310 820 NASCUNTUR.

208 918 244 984 Si
266 917 370 982 iudex
384 917 478 980 litem
493 935 587 979 suam
602 913 724 992 fecerit,
741 936 807 980 non
830 919 960 1001 proprie
981 941 1025 984 ex
1047 919 1210 985 maleficio
1226 918 1311 984 obli·

162 1031 259 1106 gatus
278 1022 417 1085 videtur.
455 1020 513 1083 sed
534 1019 613 1100 quia
633 1039 740 1100 neque
763 1041 807 1084 ex
829 1031 999 1087 contractu
1020 1023 1186 1106 obligatus
1203 1033 1254 1087 est
1277 1031 1311 1086 et

163 1127 278 1208 utique
300 1144 453 1207 peccasse
475 1121 600 1204 aliquid
624 1122 833 1206 intellegitur,
855 1125 932 1190 licet
953 1147 1013 1210 per
1034 1127 1311 1209 imprudentiam:

163 1230 239 1294 ideo
253 1230 383 1292 videtur
398 1228 491 1309 quasi
507 1247 552 1289 ex
567 1225 728 1291 maleficio
748 1229 861 1306 teneri,
877 1238 910 1293 et
934 1230 968 1293 in
987 1239 1147 1312 quantum
1163 1231 1206 1293 de
1221 1250 1260 1293 ea
1276 1249 1311 1292 re

163 1354 308 1416 aequum
319 1331 467 1414 religioni
479 1331 653 1395 iudicantis
665 1332 837 1406 videbitur,
851 1353 992 1414 poenam
1010 1334 1194 1398 sustinebit.
1223 1334 1310 1398 Item
1327 1335 1341 1388 l

163 1439 201 1516 is,
224 1458 268 1501 ex
291 1437 381 1501 cuius
404 1433 561 1499 cenaculo
583 1434 635 1499 vel
660 1435 792 1518 proprio
814 1437 917 1520 ipsius
936 1437 988 1502 vel
1013 1438 1177 1502 conducto
1198 1436 1251 1502 vel
1278 1439 1311 1500 in

164 1563 231 1625 quo
257 1541 359 1624 gratis
382 1539 556 1604 habitabat
581 1539 745 1604 deiectum
772 1541 954 1606 effusumve
976 1543 1100 1626 aliquid
1124 1553 1184 1618 est,
1206 1542 1253 1606 ita
1275 1551 1313 1606 ut

164 1645 261 1710 alicui
277 1653 457 1719 noceretur,
467 1643 561 1726 quasi
578 1665 621 1707 ex
634 1643 797 1708 maleficio
812 1644 978 1728 obligatus
994 1645 1212 1728 intellegitur:
1235 1645 1311 1710 ideo

164 1758 277 1813 autem
303 1767 370 1810 non
394 1747 525 1830 proprie
549 1768 593 1810 ex
620 1747 783 1812 maleficio
810 1749 976 1832 obligatus
1003 1749 1211 1832 intellegitur,
1235 1750 1313 1832 quia

165 1854 360 1936 plerumque
376 1852 420 1915 ob
436 1850 569 1915 alterius
584 1851 716 1934 culpam
732 1862 862 1918 tenetur
876 1863 933 1918 aut
948 1853 1031 1917 servi
1047 1863 1105 1918 aut
1120 1853 1224 1918 liberi.
1261 1855 1312 1918 cui

166 1957 282 2021 similis
297 1966 348 2020 est
363 1956 401 2032 is,
412 1955 469 2038 qui
485 1975 525 2018 ea
540 1963 644 2036 parte,
657 1977 723 2038 qua
738 1957 837 2038 vulgo
853 1957 915 2021 iter
932 1956 1001 2020 fieri
1017 1955 1110 2036 solet,
1119 1955 1152 2020 id
1167 1958 1313 2039 positum

166 2071 225 2125 aut
239 2079 435 2144 suspensum
452 2057 564 2134 habet,
583 2059 673 2141 quod
692 2068 812 2142 potest,
836 2059 863 2122 si
884 2059 1045 2133 ceciderit,
1061 2059 1158 2123 alicui
1177 2081 1312 2124 nocere:

166 2185 231 2247 quo
254 2185 332 2228 casu
354 2182 461 2247 poena
483 2163 598 2226 decem
620 2182 794 2226 aureorum
816 2163 995 2228 constituta
1017 2171 1077 2227 est.
1114 2165 1156 2227 de
1180 2184 1219 2226 eo
1234 2184 1314 2228 vero

166 2270 255 2351 quod
271 2267 435 2332 deiectum
452 2265 632 2328 effusumve
648 2277 698 2330 est
721 2265 812 2349 dupli
828 2266 944 2349 quanti
963 2267 1122 2329 damnum
1139 2267 1255 2330 datum
1270 2267 1313 2332 sit

166 2372 345 2435 constituta
360 2378 409 2434 est
427 2369 522 2434 actio.
560 2370 603 2434 ob
618 2369 787 2433 hominem
802 2391 879 2434 vero
899 2369 1039 2434 liberum
1058 2371 1202 2434 occisum
1217 2371 1313 2452 quin-

166 2476 324 2557 quaginta
352 2493 527 2538 aureorum
554 2493 662 2555 poena
691 2474 918 2538 constituitur:
951 2473 978 2537 si
1004 2493 1083 2537 vero
1108 2473 1197 2537 vivet
1223 2473 1312 2537 noci-

165 2587 303 2663 tumque
326 2577 355 2642 ei
378 2599 450 2642 esse
470 2579 606 2655 dicetur,
622 2589 783 2661 quantum
804 2578 847 2643 ob
869 2598 943 2642 eam
965 2599 1033 2642 rem
1054 2598 1198 2661 aequum
1215 2577 1314 2643 iudici

202 2788 263 2840 '1¹it.
274 2789 314 2839 V.
333 2786 427 2839 These
445 2783 638 2855 quasi-delicts
656 2799 704 2838 are
727 2782 760 2837 of
776 2792 831 2837 two
851 2781 955 2850 kinds3
976 2781 1014 2852 (1)
1028 2799 1109 2837 cases
1126 2781 1160 2837 of
1176 2781 1315 2838 vicarious

166 2868 384 2940 responsibility,
403 2867 533 2937 imposed
550 2867 588 2936 by
606 2868 655 2922 the
673 2867 726 2921 law
744 2883 821 2937 upon
838 2883 856 2920 a
874 2883 941 2921 man
961 2865 1054 2936 ‘quod
1072 2883 1159 2936 opera
1176 2867 1315 2922 malorum

166 2951 313 3006 hominurn
331 2950 434 3018 utitur‚’
455 2965 487 3003 or
506 2949 628 3004 because
650 2947 672 3003 it
691 2965 757 3018 may
778 2949 815 3003 be
836 2948 954 3003 difficult
974 2959 1005 3002 to
1024 2947 1164 3005 ascertain
1186 2951 1235 3005 the
1256 2951 1315 3005 real

167 3035 301 3103 offender,
317 3032 375 3088 and
395 3032 433 3102 (2)
451 3048 561 3101 wrongs
578 3029 669 3085 which
687 3031 773 3086 result
791 3031 909 3101 directly
921 3032 993 3086 from
1006 3049 1024 3086 a
1036 3034 1126 3087 man's
1143 3050 1206 3088 own
1224 3034 1315 3103 culpa,

166 3118 217 3170 but
236 3116 327 3170 which
346 3115 384 3168 do
402 3123 451 3169 not
471 3131 552 3169 come
570 3113 660 3168 under
676 3114 724 3169 the
743 3113 890 3168 definition
909 3115 942 3168 of
956 3131 1012 3183 any
1024 3115 1057 3168 of
1071 3116 1119 3170 the
1138 3115 1200 3169 four
1215 3115 1315 3171 delicts

167 3215 277 3269 proper.
308 3198 372 3252 The
383 3195 493 3251 actions
506 3197 544 3264 by
553 3195 645 3250 which
658 3195 726 3265 they
735 3213 784 3251 are
796 3195 945 3251 redressed
957 3197 1044 3265 being
1055 3197 1214 3267 bilaterally
1222 3201 1315 3268 penal‚

168 3292 268 3352 except
287 3281 410 3352 perhaps
429 3279 457 3334 in
477 3297 531 3335 one
549 3295 623 3348 case,
644 3279 712 3347 they
730 3279 848 3349 partake
867 3279 899 3333 of
915 3279 963 3335 the
982 3281 1128 3334 character
1147 3281 1179 3334 oi
1193 3281 1315 3350 genuine

167 3365 267 3420 delicts
278 3384 286 3432 ;
304 3382 322 3420 a
335 3373 468 3434 category
477 3362 549 3416 from
561 3359 652 3416 which
664 3361 707 3430 (as
722 3363 775 3416 Mr.
788 3363 873 3416 Poste
885 3361 1024 3429 remarks)
1036 3363 1104 3432 they
1116 3379 1164 3417 are
1177 3363 1316 3418 excluded

167 3448 334 3520 apparently
345 3447 412 3516 only
425 3447 547 3502 because
561 3445 629 3516 they
641 3445 689 3500 fall
702 3445 792 3500 under
803 3461 841 3498 no
858 3444 964 3501 certain
980 3454 1093 3516 statute,
1106 3463 1139 3500 or
1154 3463 1202 3502 are
1219 3457 1316 3503 recent

167 3533 311 3588 additions
324 3541 354 3586 to
367 3531 415 3586 the
428 3529 509 3585 code.

202 3617 278 3671 That
291 3617 339 3670 the
351 3613 566 3684 incompetence
579 3611 612 3666 os
620 3629 638 3667 a
650 3627 771 3682 surgeon
784 3627 843 3666 was
855 3627 873 3666 a
885 3609 970 3666 delict
984 3609 1049 3681 (Tit.
1059 3625 1087 3680 3.
1101 3623 1116 3680 7
1130 3611 1225 3684 supe),
1235 3613 1316 3670 while

167 3700 228 3754 that
241 3700 273 3754 os
287 3715 305 3754 a
320 3697 407 3768 judge
421 3715 478 3752 was
497 3705 555 3766 not,
568 3713 626 3751 was
644 3696 700 3751 due
718 3705 749 3750 to
767 3695 816 3750 the
828 3694 956 3764 wording
967 3693 1001 3748 os
1015 3696 1063 3750 the
1076 3695 1121 3750 lex
1132 3696 1255 3767 Aquilia,
1268 3699 1316 3753 the

167 3781 261 3836 aetion
279 3781 370 3836 under
387 3781 479 3835 which
497 3780 547 3835 did
565 3789 615 3834 not
633 3779 670 3834 lie
688 3788 788 3849 except
807 3777 836 3832 in
855 3795 936 3834 cases
955 3777 988 3832 os
1002 3777 1123 3848 damage
1141 3789 1172 3834 to
1190 3780 1316 3850 tangible

168 3865 296 3936 objects:
316 3863 415 3920 ‘iudex
433 3873 500 3918 tunc
519 3863 598 3918 litem
617 3879 698 3917 suam
717 3863 811 3917 iacere
830 3861 1008 3932 intellegitur,
1022 3878 1087 3917 cum
1106 3862 1172 3916 dolo
1190 3864 1267 3918 malo
1286 3863 1314 3919 in

167 3952 295 4008 fraudem
307 3949 378 4022 legis
395 3951 565 4006 sententiam
581 3949 689 4006 dixerit.
728 3951 804 4005 Dolo
817 3951 893 4005 malo
908 3960 1004 4005 autem
1017 3949 1128 4006 videtur
1145 3951 1200 4006 boc
1213 3952 1315 4022 facere,

168 4035 191 4090 si
213 4034 330 4090 evidens
351 4043 484 4102 arguatur
505 4033 565 4088 eius
584 4034 628 4088 vel
649 4031 741 4103 gratia
760 4034 804 4088 vel
826 4031 974 4087 inimicitia
992 4033 1036 4088 vel
1055 4033 1141 4088 etiam
1160 4034 1266 4102 sordes,
1285 4045 1316 4091 ut

167 4133 264 4173 veram
282 4115 509 4172 aestimationem
527 4115 583 4171 litis
601 4126 745 4186 praestare
763 4118 894 4186 cogatur’
914 4115 980 4186 Dig.
1002 4128 1025 4186 5.
1047 4130 1069 4171 1.
1091 4128 1130 4185 15.
1151 4131 1174 4170 r.
1210 4117 1316 4174 Where

167 4202 213 4258 his
225 4201 334 4256 offence
346 4217 404 4256 was
417 4201 484 4269 only
495 4199 685 4270 imprudentia
698 4199 718 4254 it
731 4209 806 4254 must
819 4201 892 4255 have
906 4199 980 4254 been
997 4215 1076 4254 more
1092 4198 1192 4268 lightly
1204 4199 1315 4268 visited,

167 4287 216 4342 the
226 4285 313 4356 judge
326 4285 393 4338 here
406 4283 512 4354 having
524 4299 542 4338 a
559 4281 711 4338 discretion
724 4283 746 4336 ‘.
759 4323 765 4337 .
780 4321 788 4337 .
801 4324 807 4337 .
821 4292 958 4352 quantum
970 4299 1093 4353 aequum
1105 4281 1232 4351 religioni
1245 4281 1316 4336 iudi·

167 4366 428 4424 cantisvidebitur.’
1166 4377 1168 4382 ·

205 4449 254 4522 51.
268 4449 403 4506 ‘Praetor
410 4447 449 4506 ait
462 4448 498 4505 de
510 4447 563 4519 his,
572 4447 619 4520 qui
630 4446 783 4505 deiecerint
792 4449 836 4505 vel
846 4447 1004 4518 effuderint,
1017 4447 1092 4503 unde
1102 4445 1131 4501 in
1144 4463 1209 4504 eum
1222 4448 1316 4502 locum
