3112 5016
258 233 322 304 524
460 225 1200 297 1111111111011111111119111111101.
1290 227 1399 294 [tarr.

257 403 332 455 acta
346 391 406 455 sit:
429 391 546 455 velex
564 411 713 474 persona,
733 390 876 454 velutisi
900 391 1111 473 magistratus
1126 391 1276 454 iniuriam
1292 410 1400 473 passus
1485 374 1488 458 i

259 496 364 574 luerit,
382 495 434 558 vel
458 497 484 558 si
508 497 650 559 senatori
672 495 716 567 ab
738 493 855 558 humili
878 496 993 558 iniuria
1015 495 1103 558 lacta
1122 497 1173 572 sit,
1196 505 1254 558 aut
1279 494 1400 576 parenti
1487 458 1489 532 i

259 611 466 682 patronoque
488 599 546 664 fiat
566 620 588 663 a
608 599 717 663 liberis
738 599 790 662 vel
810 599 956 662 libertis:
978 597 1074 662 aliter
1088 599 1176 661 enim
1195 599 1354 662 senatoris
1372 609 1402 660 et
1489 601 1491 682 i

259 705 405 785 parentis
421 703 627 785 patronique,
644 703 739 766 aliter
754 704 902 766 extranei
919 713 953 766 et
970 703 1104 765 humilis
1120 722 1279 784 personae
1294 702 1403 764 iniuria
1490 685 1492 756 l

259 807 464 870 aestimatur.
509 827 758 889 nonnumquam
778 817 812 870 et
831 806 923 870 locus
937 807 1080 870 vulneris
1095 817 1242 870 atrocem
1258 806 1403 868 iniuriam

259 909 348 988 lacit,
362 911 464 974 veluti
480 911 507 974 si
523 913 556 974 in
572 911 669 974 oculo
684 913 757 993 quis
778 931 950 994 percussus
964 912 1015 974 sit
1060 912 1152 993 parvi
1174 921 1286 974 autem
1302 909 1403 980 refert,

261 1025 372 1078 utrum
396 1016 481 1098 patri
504 1014 645 1078 familias
669 1035 711 1077 an
738 1014 806 1078 filio
830 1014 972 1078 familias
996 1013 1073 1078 talis
1098 1014 1213 1076 iniuria
1238 1012 1327 1076 lacta
1349 1013 1404 1075 sit:
1493 957 1496 1122 i

214 1127 338 1182 ronam
364 1129 398 1182 et
422 1119 504 1182 haec
530 1129 628 1182 atrox
654 1118 891 1182 aestimabitur.
947 1118 987 1180 ln
1013 1137 1142 1181 summa
1165 1117 1336 1181 sciendum
1360 1125 1405 1179 est
1495 1124 1497 1204 l

261 1223 304 1286 de
332 1223 422 1286 omni
449 1223 565 1285 iniuria
589 1243 666 1286 eum
689 1223 746 1305 qui
776 1243 893 1304 passus
919 1233 970 1286 est
999 1243 1097 1304 posse
1122 1221 1174 1286 vel
1200 1221 1406 1285 criminaliter

260 1347 360 1408 agere
375 1327 426 1390 vel
443 1327 590 1391 civiliter.
635 1339 669 1392 et
689 1330 716 1391 si
737 1329 872 1411 quidem
889 1327 1026 1392 civiliter
1039 1337 1165 1409 agatur,
1179 1326 1406 1390 aestimatione
1496 1207 1500 1442 i

261 1429 350 1494 iacta
366 1433 547 1494 secundum
565 1433 654 1514 quod
670 1434 796 1497 dictum
810 1443 860 1496 est
875 1453 983 1515 poena
998 1432 1187 1514 imponitur.
1231 1431 1282 1494 sin
1297 1441 1407 1495 autem
1500 1458 1501 1532 q

261 1533 481 1610 criminaliter,
497 1537 604 1600 officio
621 1537 736 1600 iudicis
751 1537 1011 1601 extraordinaria
1027 1556 1134 1617 poena
1152 1557 1208 1600 reo
1228 1536 1406 1618 irrogatur:
1501 1542 1502 1594 l

261 1638 324 1702 hoc
353 1638 506 1703 videlicet
537 1641 755 1718 observando,
786 1643 876 1724 quod
913 1642 1106 1704 Zenoniana
1139 1641 1333 1704 constitutio
1363 1641 1408 1702 in·

261 1741 421 1819 troduxit,
451 1753 488 1806 ut
522 1745 581 1807 viri
616 1744 759 1809 illustres
792 1747 914 1828 quique
949 1765 1049 1827 supra
1084 1764 1141 1807 eos
1176 1755 1254 1807 sunt
1289 1753 1324 1807 et
1354 1763 1408 1826 per

262 1858 489 1926 procuratores
523 1849 650 1929 possint
690 1851 855 1913 actionem
889 1850 1077 1912 iniuriarum
1113 1848 1325 1912 criminaliter
1359 1846 1407 1909 vel
1505 1874 1506 1916 1

262 1951 412 2032 persequi
436 1951 487 2014 vel
512 1952 676 2034 suscipere
703 1955 885 2018 secundum
912 1953 982 2016 eius
1006 1963 1164 2030 tenorem,
1186 1953 1243 2034 qui
1270 1973 1315 2016 ex
1340 1953 1407 2033 ipsa
1506 1958 1507 1990 r

216 2061 247 2116 11
263 2053 466 2117 manifestius
481 2065 629 2138 apparet.
675 2057 753 2120 Non
769 2059 877 2121 solurn
896 2067 1008 2120 autem
1029 2057 1056 2118 is
1078 2057 1265 2119 iniuriarum
1280 2065 1409 2119 tenetur

262 2159 318 2239 qui
342 2159 418 2222 secit
441 2159 600 2236 iniuriam,
624 2159 687 2224 hoc
710 2173 761 2226 est
783 2163 840 2244 qui
863 2161 1040 2243 percussit:
1066 2181 1179 2224 verum
1203 2159 1257 2223 ille
1278 2179 1409 2242 quoque
1509 2208 1510 2234 ,

263 2263 492 2336 continebitur,
508 2264 564 2345 qui
581 2265 659 2329 dolo
675 2266 751 2330 lecit
766 2265 819 2330 vel
840 2267 897 2347 qui
918 2267 1051 2342 curavit,
1066 2275 1103 2328 ut
1124 2264 1175 2327 cui
1192 2263 1279 2326 mala
1299 2283 1408 2346 pugno
1510 2292 1511 2302 ¹

215 2379 248 2435 12
263 2375 496 2446 percuteretur.
544 2367 639 2433 Haec
666 2371 754 2434 actio
781 2368 1043 2433 dissimulatione
1067 2367 1236 2431 aboletur:
1267 2377 1301 2430 et
1327 2367 1409 2441 ideo,

261 2469 288 2530 si
306 2469 379 2549 quis
396 2469 545 2532 iniuriam
562 2471 781 2554 dereliquerit,
796 2471 859 2536 hoc
876 2483 927 2536 est
941 2473 1056 2536 statim
1071 2492 1188 2554 passus
1205 2472 1249 2535 ad
1265 2471 1409 2533 animum
1512 2461 1513 2464 '

262 2589 358 2633 suum
372 2591 437 2634 non
451 2577 658 2653 revocaverit,
670 2587 787 2658 postea
802 2597 846 2640 ex
858 2577 1062 2660 paenitentia
1075 2575 1245 2638 remissam
1262 2573 1409 2637 iniuriam

263 2695 328 2738 non
344 2677 467 2756 poterit
483 2677 632 2741 recolere.

298 2963 373 3030 §10.
394 2963 530 3021 Criminal
548 2967 727 3037 prosecution
748 2969 780 3023 os
799 2967 900 3024 iniuria
919 2987 976 3024 was
997 2979 1046 3024 not
1065 2969 1156 3024 under
1173 2987 1229 3038 any
1246 2965 1411 3037 recognised

262 3045 396 3101 iudicium
416 3049 569 3119 publicum,
587 3051 677 3105 hence
697 3053 744 3106 the
763 3052 905 3122 necessity
917 3053 950 3107 oi
965 3071 1001 3108 an
1021 3051 1242 3108 extraordinaria
1257 3067 1349 3122 poena
1366 3049 1409 3116 (cl.

262 3131 310 3184 the
330 3147 450 3200 passage
468 3132 543 3186 cited
562 3133 634 3188 from
654 3134 721 3203 Dig.
735 3147 778 3202 47.
793 3150 818 3191 2.
830 3151 865 3205 9²
884 3153 921 3190 on
939 3136 995 3191 Tit.
1012 3151 1032 3191 r.
1051 3152 1082 3206 19
1097 3135 1194 3207 supa),
1208 3134 1317 3203 though
1333 3149 1411 3188 some

262 3213 350 3268 sonns
369 3215 401 3268 os
416 3215 436 3270 it
450 3217 542 3270 would
561 3233 641 3272 corne
660 3219 750 3272 under
767 3219 881 3289 specific
894 3229 1022 3289 statutos,
1035 3237 1096 3290 eg.
1109 3221 1158 3274 the
1176 3221 1253 3288 leges
1269 3217 1356 3272 Iuliae
1376 3215 1410 3269 de

262 3297 416 3367 adulteriis,
436 3298 492 3353 Tit.
509 3301 547 3353 18.
562 3299 649 3368 4inf,
665 3301 722 3355 and
741 3301 777 3356 de
794 3303 829 3371 vi,
844 3302 880 3357 ib.
895 3305 930 3358 8:
951 3303 1081 3358 Cornelia
1099 3304 1134 3357 de
1153 3301 1270 3370 sicariis,
1287 3300 1325 3354 ib.
1344 3312 1367 3368 5,
1381 3315 1412 3352 or

263 3381 354 3436 Fabia
367 3382 403 3436 de
416 3383 567 3452 plagiariis,
582 3383 619 3438 ib.
633 3399 669 3438 ro
700 3386 762 3440 The
779 3386 865 3440 ranks
882 3387 983 3456 higher
996 3389 1063 3442 than
1078 3386 1192 3441 illustris
1206 3403 1277 3441 were
1289 3385 1371 3440 those
1384 3382 1415 3436 ol

263 3465 425 3518 consulares
439 3467 495 3519 and
509 3466 626 3535 patricii.
673 3469 729 3522 For
742 3469 840 3523 Zeno¹s
856 3471 1039 3525 constitution
1053 3471 1087 3525 cf.
1102 3471 1181 3526 Paul.
1194 3479 1266 3524 sent.
1279 3485 1334 3523 rec.
1347 3468 1373 3521 8.
1386 3481 1411 3532 4.

266 3561 297 3598 12
320 3546 498 3601 ‘iniuriarum
525 3565 583 3602 non
611 3549 665 3604 nisi
687 3561 851 3620 praesentes
876 3570 1010 3608 accusare
1035 3564 1171 3624 possunt:
1197 3552 1302 3607 crimen
1327 3549 1411 3617 enim,

263 3629 339 3698 quod
357 3629 499 3684 vindictae
518 3641 566 3685 aut
585 3634 744 3688 calumniae
763 3635 899 3690 iudicium
918 3648 1057 3707 expectat,
1073 3655 1123 3707 per
1139 3637 1211 3692 alios
1230 3633 1337 3689 intendi
1354 3649 1411 3686 non

263 3713 615 3783 potest,'Dig.48.1.13.1
631 3715 684 3771 ‘ad
701 3718 807 3773 crimen
825 3719 920 3775 iudicii
938 3721 1041 3791 publici
1062 3719 1289 3792 persequendum
1307 3717 1410 3772 trustra

263 3805 428 3863 procurator
441 3795 598 3864 intervenit,
612 3801 756 3871 multoque
769 3802 861 3870 magis
874 3803 912 3858 ad
924 3803 1151 3859 defendendum!

301 3879 315 3944 ξ
330 3880 375 3932 12.
396 3880 452 3932 For
470 3879 526 3935 this
546 3899 596 3937 use
615 3883 648 3936 os
662 3884 849 3940 dissimulatio
869 3887 904 3941 cf.
919 3887 984 3956 Dig.
999 3901 1041 3955 23·
1054 3901 1080 3954 4.
1094 3901 1136 3956 27,
1150 3886 1221 3943 Cod.
1234 3901 1259 3940 2.
1273 3899 1313 3939 22.
1332 3899 1342 3938 1
1358 3903 1364 3948 ;
1387 3895 1412 3950 7.

268 3977 306 4030 13.
322 3977 346 4030 3.
383 3963 445 4018 The
458 3965 591 4036 meaning
604 3983 697 4022 seems
714 3977 744 4022 to
757 3969 793 4023 be
810 3968 922 4024 arrived
939 3980 967 4025 at
987 3971 1025 4040 by
1038 3969 1193 4041 supposing
1205 3971 1266 4024 that
1279 3986 1297 4023 a
1309 3983 1411 4038 person

264 4046 336 4114 who,
349 4045 420 4100 after
439 4056 467 4100 at
487 4047 546 4102 first
565 4049 666 4119 letting
684 4067 721 4104 an
736 4050 836 4106 iniuria
848 4069 885 4122 go
904 4053 950 4122 by,
964 4055 1032 4108 then
1045 4053 1141 4122 brings
1160 4051 1205 4106 his
1224 4051 1326 4118 action,
1341 4049 1411 4102 ‘dis-

264 4128 407 4184 sembled’
426 4129 468 4183 his
487 4147 581 4200 anger.
620 4134 682 4187 The
699 4150 800 4188 reason
818 4135 850 4189 of
866 4137 914 4190 the
931 4137 991 4192 rule
1014 4135 1037 4190 is
1059 4137 1121 4191 that
1140 4136 1187 4191 the
1203 4133 1277 4190 actio
1295 4131 1412 4187 iniuriae

265 4211 315 4266 ‘ex
327 4212 403 4267 bono
416 4221 444 4268 et
457 4230 549 4284 aequo
562 4216 620 4270 est’
634 4215 699 4286 Dig.
713 4229 758 4284 47.
774 4233 813 4272 10.
831 4232 869 4272 11.
887 4233 909 4274 1.
