3176 5022
243 287 262 352 3
264 267 306 354 56
443 276 517 333 INS
520 278 593 334 TIT
594 277 649 334 UT
647 276 793 333 IONUM
811 275 930 331 LIBRI
949 276 1185 348 QUATTUOR.
1274 279 1395 346 [Linltl.
1550 200 1552 239 4

642 389 645 419 l

242 463 320 508 vero
349 442 503 528 adgnatis
533 441 692 507 inferioris
721 441 855 526 gradus,
882 442 959 508 licet
984 443 1101 528 capitis
1130 445 1393 509 deminutionem

243 547 331 628 passi
369 569 436 612 non
475 555 561 624 sunt,
602 556 715 612 tamen
754 567 812 612 eos
850 547 1024 630 anteponit
1066 557 1100 613 et
1135 549 1250 632 procul
1290 549 1393 612 dubio

214 651 402 733 2cognatis.
459 651 534 715 Hos
559 651 671 728 etiam,
696 651 753 734 qui
779 671 838 734 per
860 650 1008 720 seminini
1034 673 1136 716 sexus
1163 673 1320 736 personas
1346 673 1393 715 ex

242 762 428 819 transverso
457 755 656 839 cognatione
685 755 874 838 iunguntur,
904 756 1003 820 tertio
1033 755 1136 838 gradu
1167 755 1394 839 proximitatis

213 859 376 924 3nomine
415 871 548 942 praetor
579 861 623 923 ad
665 859 906 924 successionem
937 869 1044 925 vocat.
1104 861 1215 924 Liberi
1250 880 1393 942 quoque,

241 963 298 1044 qui
321 963 354 1026 in
376 963 533 1048 adoptiva
554 963 678 1028 familia
702 973 789 1040 sunt,
811 963 854 1028 ad
878 963 1077 1028 naturalium
1100 974 1275 1047 parentum
1297 963 1392 1026 here·

211 1066 381 1132 4ditatem
396 1066 459 1132 hoc
480 1067 598 1131 eodem
618 1067 722 1150 gradu
738 1076 907 1133 vocantur.
949 1067 1062 1150 Vulgo
1078 1068 1244 1151 quaesitos
1263 1066 1391 1131 nullum

240 1169 363 1235 habere
392 1171 576 1253 adgnatum
607 1169 817 1235 manifestum
854 1181 914 1248 est,
944 1191 1020 1236 cum
1049 1171 1208 1254 adgnatio
1237 1193 1257 1235 a
1286 1179 1391 1254 patre,

241 1273 395 1358 cognatio
425 1274 468 1340 sit
493 1295 514 1338 a
538 1283 651 1353 matre,
677 1273 711 1337 hi
737 1283 850 1340 autem
879 1274 1005 1338 nullum
1035 1284 1164 1358 patrem
1189 1273 1312 1339 habere
1342 1275 1392 1338 in-

240 1377 450 1460 telleguntur.
502 1377 621 1442 eadem
651 1377 780 1442 ratione
810 1397 870 1443 nec
900 1379 985 1443 inter
1014 1399 1051 1442 se
1085 1378 1221 1461 quidem
1250 1387 1391 1460 possunt

239 1482 342 1546 videri
371 1481 607 1563 consanguinei
638 1501 716 1559 esse,
748 1482 827 1563 quia
857 1483 1152 1564 consanguinitatis
1182 1483 1232 1545 ius
1263 1482 1391 1563 species

240 1596 291 1651 est
320 1584 547 1668 adgnationis:
580 1591 712 1648 tantum
747 1586 847 1668 igitur
876 1586 1008 1668 cognati
1038 1593 1116 1650 sunt
1145 1583 1216 1664 sibi,
1241 1583 1326 1648 sicut
1356 1595 1391 1650 et

240 1687 355 1752 matris
385 1687 543 1772 cognatis.
595 1689 709 1771 itaque
741 1689 895 1752 omnibus
931 1689 1002 1752 istis
1037 1709 1077 1753 ea
1106 1697 1200 1770 parte
1229 1689 1391 1770 competit

239 1793 401 1857 bonorum
416 1793 587 1875 possessio,
603 1813 669 1875 qua
684 1793 908 1876 proximitatis
927 1792 1060 1857 nomine
1075 1793 1207 1876 cognati
1222 1801 1390 1859 vocantur.

210 1897 318 1962 5Hoc
344 1897 418 1962 loco
440 1907 474 1962 et
500 1896 581 1962 illud
608 1898 792 1962 necessario
818 1898 1019 1962 admonendi
1041 1918 1154 1964 sumus
1180 1897 1391 1980 adgnationis

238 2002 374 2086 quidem
403 2002 473 2067 iure
501 2003 634 2068 admitti
661 2002 804 2085 aliquem
831 2003 874 2066 ad
900 2001 1120 2067 hereditatem
1146 2002 1233 2068 etsi
1259 2002 1391 2066 decimo

238 2107 344 2191 gradu
367 2107 419 2182 sit,
439 2106 507 2170 sive
527 2108 570 2171 de
592 2105 666 2188 lege
688 2105 865 2170 duodecim
885 2105 1074 2170 tabularum
1097 2124 1301 2188 quaeramus
1320 2105 1391 2170 sive

237 2211 282 2274 de
297 2211 406 2274 edicto
421 2229 488 2293 quo
503 2219 636 2294 praetor
650 2208 805 2292 legitimis
820 2208 995 2274 heredibus
1007 2209 1160 2272 daturum
1177 2229 1212 2274 se
1226 2209 1389 2274 bonorum

237 2315 478 2398 possessionem
500 2313 683 2397 pollicetur.
721 2313 946 2397 proximitatis
971 2333 1051 2380 vero
1077 2314 1210 2378 nomine
1231 2311 1284 2376 his
1310 2313 1389 2379 solis

237 2426 369 2500 praetor
384 2417 549 2500 promittit
563 2417 726 2481 bonorum
741 2418 992 2501 possessionem,
1004 2403 1060 2500 qui
1076 2437 1179 2499 usque
1195 2417 1238 2480 ad
1255 2426 1389 2482 sextum

237 2521 379 2604 gradum
394 2521 598 2604 cognationis
614 2531 699 2600 sunt,
716 2530 750 2586 et
768 2541 813 2586 ex
828 2521 972 2606 septimo
995 2541 1015 2586 a
1038 2521 1170 2587 sobrino
1191 2519 1388 2606 sobrinaque

238 2633 318 2689 nato
334 2631 481 2690 nataeve.

787 2741 848 2808 VI.

541 2917 592 2970 ou
614 2918 802 2972 eunomus
825 2919 1087 2972 coonnrrours

284 3074 361 3139 Hoc
376 3071 449 3138 loco
465 3071 685 3138 necessarium
701 3079 752 3137 est
772 3092 947 3156 exponere,
964 3071 1247 3156 quemadmodum
1266 3074 1387 3158 gradus

239 3177 443 3261 cognationis
459 3185 680 3242 numerentur.
710 3176 825 3260 quain
841 3197 876 3240 re
894 3176 1043 3260 inprimis
1058 3177 1257 3240 admonendi
1274 3199 1387 3243 sumus

237 3280 470 3365 cognationem
498 3280 598 3345 aliam
628 3300 728 3364 supra
757 3280 929 3354 numerari,
960 3280 1060 3344 aliam
1091 3280 1182 3354 inira,
1213 3279 1313 3343 aliam
1344 3302 1387 3344 ex

237 3393 432 3462 transverso,
448 3404 534 3467 quae
553 3384 654 3449 etiam
675 3405 695 3448 a
715 3382 819 3448 latere
837 3383 964 3449 dicitur.
1002 3382 1149 3467 superior
1169 3384 1323 3466 cognatio
1338 3393 1388 3450 est

237 3489 432 3571 parentium,
444 3486 576 3552 inferior
587 3486 775 3563 liberorum,
789 3503 836 3554 ex·
845 3495 1031 3552 transverso
1046 3486 1183 3552 fratrum
1198 3507 1388 3550 sororumve

237 3725 393 3782 deminutio
418 3727 447 3781 in
468 3725 525 3782 this
547 3725 654 3782 section
676 3725 700 3781 is
723 3725 756 3781 os
773 3743 873 3784 course
894 3737 991 3784 meant
1015 3728 1083 3798 only
1105 3725 1206 3798 capitis
1231 3725 1387 3784 deminutio

166 3855 170 3862 .
237 3826 363 3866 minima

274 3891 331 3965 §2
358 3893 421 3948 The
439 3901 553 3964 praetor
576 3893 635 3948 had
659 3893 719 3948 also
741 3891 881 3949 admitted
905 3910 1024 3964 persons
1048 3893 1158 3950 related
1180 3893 1289 3950 directa
1312 3893 1387 3949 linea

236 3977 359 4047 through
383 3977 501 4031 females
523 3992 628 4045 among
653 3975 782 4046 cognati;
806 3977 857 4031 but
881 3977 920 4046 by
941 3977 990 4032 the
1011 3977 1079 4032 SC·.
1103 3977 1308 4032 Tertullianum
1330 3978 1386 4032 and

239 4061 408 4116 Orfitianum
427 4060 485 4114 and
500 4059 574 4115 their
590 4060 805 4130 developmeuts
824 4060 905 4115 these
923 4060 981 4115 had
999 4061 1073 4116 been
1090 4059 1185 4116 raised
1202 4069 1233 4116 to
1251 4061 1300 4117 the
1316 4061 1387 4117 rank

238 4143 365 4214 legitimi,
378 4143 411 4199 oi
420 4144 510 4199 hence
524 4142 574 4199 ‘ex
586 4145 763 4198 transverso’
776 4143 804 4197 in
817 4143 866 4198 the
879 4152 944 4198 text.

273 4228 329 4300 §a
348 4229 419 4285 This
432 4229 519 4285 refers
539 4227 572 4282 ol
586 4245 686 4282 course
699 4229 766 4298 only
781 4236 811 4283 to
830 4227 978 4296 adrogatio
997 4227 1055 4283 and
1073 4226 1189 4298 adoptio
1208 4228 1309 4298 plena;
1327 4227 1352 4284 is
1366 4227 1387 4284 it

236 4329 310 4369 were
328 4311 421 4367 minus
438 4314 524 4383 plena
541 4313 589 4368 the
605 4313 757 4382 adoptatus
774 4310 933 4367 succeeded
949 4321 979 4368 to
988 4311 1040 4368 his
1056 4313 1168 4368 natural
1184 4310 1277 4368 father
1295 4312 1324 4368 in
1338 4312 1387 4372 the

237 4395 297 4450 first
310 4395 393 4451 order
406 4395 511 4466 (liberi).
519 4415 527 4462 ;
545 4411 594 4452 see
607 4413 644 4450 on
658 4395 714 4452 Tit.
731 4411 753 4450 t.
769 4409 801 4464 14
814 4410 889 4466 supr.
