3078 5020
137 313 187 364 Tit.
199 305 236 373 6.]
401 306 480 380 QUI
499 307 563 363 EX
583 307 739 382 QUIBUS
761 307 812 363 CA
819 307 919 378 USIS,
941 305 1032 366 ETC·
1239 318 1297 364 111

136 482 225 536 tores
253 491 306 536 res
331 471 548 538 hereditarias
575 473 658 538 servi
685 473 819 538 nomine
844 473 1000 546 vendant,
1026 493 1068 536 ne
1097 469 1211 535 iniuria
1241 471 1299 535 de·

135 575 268 640 functus
283 576 456 641 afficiatur.
502 577 663 659 Idemque
678 577 754 640 iuris
770 585 821 642 est
837 585 870 640 et
886 577 913 640 si
932 577 1003 640 sine
1018 575 1172 640 libertate
1187 582 1329 640 servus2

136 679 232 744 heres
259 681 433 744 institutus
461 689 521 744 est.
567 681 657 763 quod
685 689 797 746 nostra
822 680 1014 744 constitutio
1039 699 1105 742 non
1132 677 1237 743 solum
1265 680 1298 742 in

136 783 284 860 domino,
299 785 357 866 qui
377 784 537 848 solvendo
560 805 625 848 non
648 793 707 860 est,
723 785 782 848 sed
805 783 1003 866 generaliter
1020 783 1190 847 constituit
1213 803 1298 847 nova

136 886 359 950 humanitatis
381 889 515 962 ratione,
539 898 576 952 ut
604 908 649 952 ex
675 890 747 971 ipsa
774 889 933 971 scriptura
960 885 1174 950 institutionis
1197 886 1298 948 etiam

137 993 276 1056 libertas
299 993 330 1056 ei
354 1002 544 1076 competere
566 992 727 1067 videatur,
748 1011 822 1055 cum
850 1011 916 1054 non
943 999 994 1054 est
1015 987 1192 1053 verisimile
1214 1009 1298 1068 eum,

138 1117 238 1179 quem
254 1097 422 1161 heredem
433 1097 494 1160 sibi
510 1097 618 1179 elegit,
630 1097 655 1160 si
672 1095 928 1180 praetermiserit
944 1093 1105 1156 libertatis
1120 1092 1298 1171 dationem,

138 1221 269 1264 servum
287 1221 457 1265 remanere
471 1201 614 1265 voluisse
632 1209 666 1266 et
690 1201 856 1264 neminem
879 1199 941 1263 sibi
959 1198 1116 1262 heredem
1135 1197 1212 1262 sore
1259 1198 1329 1261 In3
1371 1251 1375 1258 .

138 1303 289 1368 fraudem
313 1313 426 1369 autem
450 1307 647 1370 creditorum
670 1305 902 1369 manumittere
920 1303 1059 1381 videtur,
1082 1303 1138 1384 qui
1156 1301 1208 1365 vel
1232 1301 1297 1366 iam

140 1430 179 1473 eo
202 1417 361 1491 tempore
385 1429 451 1490 quo
477 1410 681 1474 manumittit
702 1407 860 1472 solvendo
887 1428 953 1472 non
981 1416 1039 1484 est,
1058 1405 1109 1470 vel
1133 1407 1189 1488 qui
1212 1407 1298 1470 datis

139 1508 356 1572 libertatibus
374 1509 536 1574 desiturus
559 1518 610 1574 est
632 1507 791 1574 solvendo
815 1527 896 1571 esse.
942 1505 1161 1589 praevaluisse
1183 1515 1297 1570 tamen

79 1667 80 1672 ,
139 1614 279 1690 videtur,
306 1613 369 1676 nisi
395 1613 542 1676 animum
568 1633 699 1696 quoque
728 1611 901 1676 fraudandi
927 1611 1146 1674 manumissor
1171 1609 1296 1684 habuit,

141 1736 205 1780 non
228 1717 386 1798 impediri
409 1716 604 1795 libertatem,
625 1717 774 1800 quamvis
795 1701 892 1780 bona
905 1715 974 1780 eius
997 1714 1211 1779 creditoribus
1230 1733 1297 1778 non

141 1821 323 1885 sufficiant:
351 1841 452 1903 saepe
476 1821 563 1884 enim
587 1820 631 1884 de
656 1819 866 1885 facultatibus
888 1820 955 1882 suis
976 1819 1118 1900 amplius
1141 1837 1240 1900 quam
1264 1817 1297 1880 in

142 1923 191 1986 his
217 1934 270 1988 est
300 1933 434 2008 sperant
457 1923 616 1988 homines.
662 1923 773 2006 itaque
798 1933 877 1988 tunc
901 1921 1123 2004 intellegimus
1147 1921 1297 2004 impediri

143 2028 343 2108 libertatern,
359 2048 433 2092 cum
449 2037 588 2111 utroque
610 2029 711 2092 modo
734 2027 924 2092 fraudantur
942 2027 1129 2100 creditores,
1145 2024 1178 2089 id
1195 2034 1245 2089 est
1264 2031 1297 2088 et

143 2132 279 2196 consilio
295 2133 559 2196 manumittentis
575 2133 695 2216 etipsa
711 2151 754 2212 re,
770 2131 915 2214 eoquod
933 2131 1021 2195 bona
1040 2149 1106 2192 non
1121 2127 1297 2192 suffectura

143 2247 216 2301 sunt
232 2237 459 2302 creditoribus.

185 2341 318 2405 Eadem
335 2341 409 2424 lege
424 2339 524 2406 Aelia
546 2339 662 2406 Sentia
681 2339 817 2404 domino
841 2338 963 2402 minori,
977 2336 1072 2401 annis
1094 2335 1208 2419 viginti
1232 2343 1329 2398 non4

144 2445 237 2510 aliter
258 2446 494 2510 manumittere
519 2447 727 2529 permittitur,
750 2465 850 2528 quam
881 2445 909 2507 si
931 2443 1076 2506 vindicta
1105 2441 1194 2524 apud
1221 2461 1298 2504 con·

144 2551 249 2614 silium
266 2551 353 2614 iusta
368 2571 467 2614 causa
483 2551 746 2614 manumissionis
761 2549 945 2632 adprobata
960 2547 1079 2611 suerint
1095 2545 1296 2610 manumissi.

146 2655 255 2720 Iustae
271 2665 385 2720 autem
402 2655 800 2738 manumissioniscausae
820 2663 905 2732 sunt,
921 2651 1023 2716 veluti
1039 2653 1066 2715 si
1082 2651 1154 2734 quis
1169 2660 1296 2734 patrem
1312 2663 1329 2718 5

146 2769 199 2826 aut
221 2769 365 2824 matrem
389 2769 446 2823 aut
469 2759 571 2822 filium
597 2756 740 2822 filiamve
762 2766 819 2824 aut
838 2757 972 2822 frat-rem
995 2775 1183 2820 sororemve
1201 2763 1296 2818 natu·

146 2864 225 2928 rales
256 2873 315 2928 aut
345 2865 574 2948 paedagogum
605 2863 768 2927 nutricem
799 2863 1010 2926 educatorem
1040 2869 1098 2924 aut
1128 2857 1297 2922 alumnum

145 2969 355 3032 alumnamve
378 2977 435 3032 aut
461 2968 700 3032 collactaneum
731 2965 952 3040 manumittat,
978 2973 1035 3028 aut
1065 2983 1194 3028 servum
1221 2983 1297 3045 pro-

146 3193 155 3216 *
179 3195 242 3250 'lhe
260 3195 307 3250 lex
320 3191 403 3248 Aelia
421 3189 520 3247 Sentia
539 3189 588 3245 did
607 3197 657 3244 not
675 3187 762 3258 apply
779 3197 809 3242 to
826 3179 975 3257 peregrini,
991 3195 1021 3240 to
1038 3185 1141 3251 whom,
1157 3184 1297 3251 however,

145 3277 200 3334 this
213 3289 277 3349 part
287 3277 321 3332 os
330 3275 352 3332 it
364 3275 486 3344 relating
498 3285 528 3329 to
541 3271 747 3328 manumission
762 3269 790 3325 in
804 3270 885 3325 fraud
898 3269 931 3324 os
940 3267 1076 3323 creditors
1086 3283 1143 3320 was
1156 3265 1297 3321 extended

145 3363 182 3433 by
205 3377 225 3421 a
249 3359 563 3416 ‘senatusconsultum'
586 3355 677 3410 under
703 3353 833 3408 Hadrian
845 3373 853 3420 ;
878 3351 968 3407 Gaius
989 3349 1008 3404 i.
1030 3362 1074 3415 47.
1120 3347 1209 3404 Gaius
1232 3363 1297 3416 says

147 3445 174 3513 (i.
187 3445 233 3515 37)
247 3445 311 3500 that
328 3444 377 3497 the
393 3449 499 3496 statute
511 3439 629 3495 allowed
649 3455 667 3492 a
684 3445 786 3507 patron
805 3445 835 3490 to
852 3434 957 3490 revoke
970 3429 1189 3486 manumissions
1202 3429 1240 3499 by
1252 3429 1297 3484 his

145 3529 291 3584 freedmen
309 3525 402 3580 which
420 3522 514 3578 would
532 3521 670 3590 seriously
687 3518 791 3590 impair
811 3518 856 3574 his
877 3533 940 3574 own
962 3515 1051 3585 rights
1071 3513 1104 3568 of
1125 3513 1297 3569 succession.

147 3613 201 3667 For
217 3612 269 3666 the
288 3611 349 3665 sale
367 3607 401 3664 of
415 3625 434 3663 a
452 3605 593 3662 deceased
610 3603 775 3660 insolvent's
788 3611 922 3673 property
934 3617 982 3656 see
996 3597 1085 3654 Gaius
1098 3595 1136 3653 iii.
1150 3597 1256 3666 78-80:
1276 3596 1298 3654 it

146 3693 270 3751 entailed
288 3693 477 3764 posthumous
496 3689 621 3758 infamia,
634 3688 750 3743 whence
764 3685 785 3742 it
799 3685 823 3740 is
841 3684 904 3740 said
923 3683 1038 3739 ‘servus
1057 3680 1274 3738 necessarius..
1289 3721 1295 3736 .

146 3797 201 3835 non
219 3779 314 3850 magis
332 3773 535 3849 patrimonium
548 3791 638 3845 quam-
653 3771 801 3828 insamiam
814 3767 948 3842 consequi
962 3766 1088 3824 videtur'
1102 3767 1173 3824 Cod.
1186 3765 1295 3824 Theod.

148 3877 170 3920 2.
187 3877 226 3934 19.
240 3878 267 3932 3.

182 3949 196 4023 ξ
209 3955 237 4008 2.
257 3951 322 4006 The
334 3956 498 4006 enactrnent
510 3943 637 4004 referred
646 3954 677 4002 to
689 3943 714 4000 is
727 3941 756 3998 in
770 3939 840 3999 Cod.
853 3939 877 3996 6.
893 3953 936 4008 27.
951 3952 974 4012 5.

182 4037 196 4103 §
209 4039 239 4090 4.
257 4035 322 4089 The
334 4031 442 4087 motive
454 4030 487 4085 os
494 4030 551 4086 this
564 4039 627 4101 part
646 4029 678 4084 of
687 4029 736 4083 the
752 4035 857 4082 statute
870 4023 895 4080 is
908 4023 1002 4080 stated
1013 4025 1053 4094 by
1065 4019 1251 4092 Theophilus,
1265 4019 1298 4074 δι’

148 4120 242 4173 εὔνοιαν
259 4121 312 4170 τῶν
329 4112 544 4184 ἐλευθερούντων
563 4111 693 4181 ἠπίστατο
710 4111 761 4182 γᾶρ
779 4109 813 4166 hs
832 4145 861 4165 ..
878 4144 886 4162 .
903 4107 1015 4178 εὐχερῶς
1032 4105 1196 4160 ἀπατῶνται.
1211 4141 1218 4156 .
1232 4139 1239 4156 .
1251 4101 1298 4168 τὴν

148 4201 239 4256 ἑαυτῶν
251 4201 412 4256 ἕλαποῦσιν
430 4185 586 4253 luderano.
622 4197 686 4250 The
705 4192 855 4248 consilium
874 4189 1019 4246 consisted
1037 4197 1066 4242 at
1085 4189 1178 4241 Rome
1196 4185 1229 4238 of
1243 4183 1297 4242 five

150 4295 273 4340 senators
292 4282 352 4338 and
371 4281 427 4336 five
445 4279 561 4351 knights
579 4279 670 4335 above
691 4277 740 4333 the
759 4293 813 4346 age
829 4275 861 4330 of
875 4274 1005 4346 puberty,
1023 4271 1086 4325 who
1104 4279 1148 4324 sat
1167 4283 1204 4322 on
1223 4265 1298 4330 hxed

150 4367 216 4439 days
229 4389 236 4436 ;
256 4367 347 4424 Gaius
361 4365 380 4420 i.
394 4379 438 4434 20,
452 4363 567 4434 Ulpian,
580 4379 636 4432 reg.
654 4377 677 4417 1.
693 4373 761 4430 13n,
775 4359 842 4428 Dig.
859 4373 881 4414 1.
898 4372 938 4412 10.
951 4372 993 4426 pr.
1006 4351 1063 4410 and
1077 4366 1101 4408 2.

183 4453 238 4521 tt.
257 4453 316 4508 For
334 4451 387 4508 the
405 4463 537 4504 common
561 4447 754 4518 employment
779 4443 812 4501 of
833 4442 925 4500 slaves
943 4457 976 4498 as
993 4433 1152 4511 paedagogi
1175 4432 1210 4490 es.
1225 4433 1297 4490 ‘Plu-
