3028 5016
140 305 191 357 m.
206 299 258 369 ra]
474 299 535 356 na
555 298 949 358 nararcnrronraus
1214 291 1288 376 587

141 476 233 530 actor
261 464 441 545 adiuvetur,
467 485 554 549 quae
583 465 703 530 dicitur
728 467 913 550 triplicatio.
967 463 1116 551 Quarum
1141 467 1320 534 omnium3

141 570 377 652 exceptionum
395 590 489 633 usum
515 569 678 635 interdum
702 571 837 636 ulterius
857 591 958 654 quam
981 573 1128 636 diximus
1147 572 1290 636 varietas

132 659 349 756 'negotiorum
374 673 572 738 introducit:
609 695 692 758 quas
715 695 831 740 omnes
855 677 1000 759 apertius
1027 693 1071 740 ex
1098 675 1215 740 latiore
1240 675 1290 738 di-

142 789 310 860 gestorum
324 778 491 842 volumine
506 778 601 844 facile
617 767 667 844 est
683 800 889 863 cognoscere.
927 779 1155 863 Exceptiones
1168 788 1290 856 autem,
1303 789 1321 842 4

143 882 262 965 quibus
291 882 421 946 debitor
450 883 644 962 defenditur,
673 883 868 968 plerumque
903 885 1147 948 accommodari
1182 883 1291 948 solent

143 987 244 1049 etiam
267 985 511 1050 fideiussoribus
536 987 621 1052 eius:
646 998 679 1053 et
699 997 796 1066 recte,
812 991 898 1071 quia,
912 989 1003 1072 quod
1024 987 1068 1052 ab
1087 987 1139 1051 his
1158 988 1289 1070 petitur,

143 1091 178 1155 id
201 1091 244 1154 ab
271 1091 345 1172 ipso
370 1091 520 1154 debitore
543 1093 611 1174 peti
634 1093 772 1168 videtur,
798 1095 874 1176 quia
900 1093 1049 1156 mandati
1075 1092 1195 1156 iudicio
1218 1092 1306 1154 red:
1385 1094 1390 1104 '

144 1195 271 1259 diturus
294 1203 344 1258 est
367 1195 421 1273 eis,
444 1196 534 1278 quod
557 1195 591 1258 hi
615 1215 675 1278 pro
698 1218 738 1262 eo
760 1197 927 1262 solverint.
971 1217 1038 1280 qua
1060 1197 1186 1260 ratione
1208 1205 1242 1260 et
1264 1195 1292 1260 si

145 1301 187 1363 de
212 1319 277 1362 non
300 1299 444 1380 petenda
468 1301 607 1382 pecunia
633 1312 749 1384 pactus
772 1303 845 1386 quis
868 1322 944 1366 cum
968 1321 1023 1366 reo
1045 1300 1152 1378 luerit,
1168 1299 1293 1383 placuit

144 1404 282 1486 proinde
308 1405 560 1468 succurrendum
586 1425 658 1469 esse
684 1426 743 1488 per
765 1407 994 1488 exceptionem
1022 1405 1111 1488 pacti
1141 1405 1294 1468 conventi

146 1508 209 1570 illis
232 1527 364 1590 quoque
386 1508 443 1589 qui
466 1527 527 1592 pro
553 1529 593 1572 eo
622 1509 760 1592 obligati
787 1520 905 1590 essent,
931 1529 970 1574 ac
999 1509 1027 1572 si
1054 1517 1188 1572 etcum
1215 1508 1294 1592 ipsis

145 1621 261 1695 pactus
280 1621 375 1687 esset,
392 1633 433 1675 ne
455 1613 498 1676 ab
522 1613 568 1677 eis
591 1634 630 1678 ea
652 1615 790 1696 pecunia
810 1623 985 1697 peteretur.
1030 1632 1110 1677 sane
1128 1613 1292 1694 quaedam

147 1715 359 1799 exceptiones
380 1736 446 1780 non
461 1717 569 1782 solent
592 1717 643 1782 his
665 1719 917 1783 accommodari.
961 1739 1038 1782 ecce
1056 1719 1143 1780 enim
1164 1717 1294 1781 debitor

147 1823 174 1886 si
192 1821 288 1884 bonis
303 1821 370 1884 suis
386 1824 520 1886 cesserit
536 1831 569 1886 et
585 1841 661 1886 curn
677 1844 716 1888 eo
737 1825 879 1888 creditor
894 1823 1090 1905 experiatur,
1107 1820 1295 1885 detenditur

146 1945 205 2007 per
235 1925 468 2006 exceptionem
500 1925 581 1988 ‘nisi
609 1926 705 1990 bonis
735 1922 906 1992 cesserit:'
939 1926 998 1990 sed
1027 1924 1110 1989 haec
1139 1925 1295 2007 exceptio

147 2027 391 2092 fideiussoribus
414 2049 478 2092 non
497 2030 602 2108 datur,
626 2031 750 2096 scilicet
773 2033 848 2095 ideo
866 2031 953 2114 quia,
975 2029 1030 2114 qui
1053 2029 1135 2092 alios
1157 2047 1217 2110 pro
1238 2028 1295 2092 de·

148 2133 254 2196 bitore
283 2132 418 2216 obligat,
445 2134 507 2198 hoc
537 2134 685 2199 maxime
711 2138 877 2218 prospicit,
903 2143 949 2212 ut,
981 2153 1055 2198 cum
1085 2132 1296 2197 facultatibus

148 2237 260 2319 lapsus
275 2237 372 2301 luerit
388 2237 526 2318 debitor,
541 2241 646 2322 possit
661 2239 705 2304 ab
720 2239 771 2304 his
787 2261 871 2323 quos
886 2259 945 2323 pro
967 2259 1007 2303 eo
1025 2236 1184 2320 obligavit
1201 2256 1297 2300 suum

149 2361 314 2424 consequr.

186 2601 200 2674 ξ
215 2606 241 2658 3.
262 2604 325 2658 The
337 2619 387 2658 use
400 2603 433 2657 of
441 2603 569 2675 exceptio
582 2604 649 2658 here
661 2603 704 2658 for
716 2602 878 2674 duplicatio,
891 2600 1045 2673 replicatio,
1059 2610 1121 2668 etc,
1134 2598 1158 2653 is
1171 2597 1298 2668 justified

150 2687 188 2757 by
197 2687 262 2758 Dig.
271 2701 315 2754 44.
327 2703 348 2743 r.
357 2701 382 2742 2.
394 2703 404 2742 1
421 2687 632 2759 ‘replicationes
647 2689 675 2756 (a
687 2697 758 2743 term
773 2687 922 2757 employed
935 2687 973 2756 by
984 2684 1091 2756 Ulpian
1103 2683 1161 2738 and
1173 2682 1299 2736 lulianus

151 2771 262 2826 instead
274 2771 308 2826 ot'
320 2771 483 2842 duplicatio)
497 2772 567 2826 nihil
583 2772 660 2826 aliud
676 2782 750 2840 sunt,
764 2788 849 2842 quarn
867 2769 1046 2842 exceptiones
1059 2786 1077 2823 a
1089 2777 1169 2839 parte
1186 2764 1299 2832 actoris,

151 2869 224 2924 quae
237 2855 417 2924 exceptiones
431 2856 599 2926 excludunt,'
611 2855 649 2910 ib.
659 2869 675 2909 2
686 2853 850 2927 ‘replicatio
861 2865 904 2910 est
917 2851 1057 2909 contraria
1070 2849 1207 2922 exceptio,
1218 2847 1299 2921 quasi

151 2937 325 3006 exceptionis
338 2938 483 3007 exceptio!

188 3019 202 3090 ξ
216 3024 246 3074 4.
266 3021 320 3076 See
333 3037 370 3075 on
384 3022 434 3074 Bk.
449 3021 486 3077 iii.
501 3037 543 3078 20.
556 3022 574 3076 6
586 3039 661 3092 supr.
698 3022 760 3077 The
773 3021 936 3092 expression
949 3021 977 3075 in
990 3021 1039 3076 the
1052 3029 1110 3075 text
1123 3019 1302 3090 (planctuque

153 3103 362 3157 accommodari
379 3103 482 3172 solent)
502 3103 526 3158 is
545 3121 623 3158 more
640 3115 748 3158 correct
765 3105 834 3158 than
847 3105 908 3159 that
925 3103 954 3158 in
971 3104 1035 3172 Dig.
1050 3117 1092 3168 44
1110 3117 1131 3156 1.
1149 3117 1180 3171 19
1192 3102 1302 3156 ‘omns

153 3187 342 3258 exceptiones,
361 3204 435 3258 quae
453 3205 501 3243 reo
521 3197 694 3257 competunt,
715 3185 872 3242 fideiussori
892 3203 1013 3258 quoque,
1031 3187 1118 3240 etiam
1137 3185 1225 3239 invito
1243 3200 1301 3252 reo,

153 3273 334 3341 competunt.¹

190 3356 276 3410 Some
293 3355 473 3426 exceptiones
491 3371 539 3410 are
556 3353 619 3410 said
637 3351 686 3422 rei,
704 3353 799 3408 others
818 3369 956 3424 personae
969 3353 1139 3407 cohaerere:
1158 3351 1207 3411 the
1219 3351 1303 3404 latter

154 3442 189 3512 (e.
199 3458 225 3511 g.
246 3441 329 3496 those
350 3439 479 3495 beneficii
500 3437 708 3509 competentiae
730 3439 787 3492 and
809 3436 884 3508 pacti
907 3437 943 3491 de
963 3453 1020 3491 non
1042 3435 1165 3506 petendo
1187 3434 1215 3488 in
1240 3451 1303 3504 per·

153 3524 358 3593 sona1n)avail
379 3525 447 3594 only
464 3535 494 3579 to
516 3525 564 3580 the
586 3539 689 3594 person
711 3521 904 3590 immediately
922 3519 1100 3586 concemed;
1124 3519 1172 3574 the
1190 3519 1303 3586 former,

153 3609 245 3664 which
264 3627 312 3665 are
330 3611 379 3664 the
398 3619 510 3678 greater
526 3608 654 3676 number,
668 3623 721 3662 can
740 3605 776 3662 be
795 3605 866 3660 used
883 3606 922 3674 by
934 3606 1016 3659 other
1031 3621 1149 3674 persons
1166 3604 1227 3658 also
1239 3603 1303 3656 who

154 3707 208 3748 can
220 3693 257 3748 be
270 3693 340 3748 sued
358 3693 386 3747 in
399 3693 455 3748 lieu
474 3693 506 3748 oi
519 3711 551 3748 or
563 3693 592 3747 in
610 3691 738 3746 addition
751 3700 781 3745 to
800 3691 848 3745 the
865 3705 919 3744 oue
932 3689 1124 3757 immediately
1136 3687 1229 3756 liable,
1243 3704 1267 3741 e.
1275 3703 1302 3755 g.

155 3776 200 3831 his
218 3777 293 3831 heirs
312 3795 345 3831 or
362 3777 498 3833 sureties:
519 3776 714 3848 ‘exceptiones
731 3791 805 3845 quae
823 3789 962 3844 personae
977 3762 1056 3826 c'uius
1074 3773 1226 3826 cohaerent
1245 3787 1302 3824 non

155 3869 301 3916 transeunt
314 3861 352 3915 ad
364 3862 443 3931 alios,
454 3861 538 3917 veluti
552 3877 594 3930 ea,
605 3877 691 3931 quam
701 3858 795 3914 socius
808 3858 893 3912 habet
907 3855 1111 3926 exceptionem,
1121 3855 1197 3926 quod
1210 3855 1304 3908 facere

156 3943 254 4014 possit,
271 3945 316 3998 vel
332 3961 435 4014 parens
453 3955 623 4016 patronusne
637 3943 703 4012 (Tit.
716 3943 742 3997 6.
756 3943 789 4010 38
807 3940 902 4011 suph),
920 3957 977 3995 non
995 3939 1129 4009 competit
1146 3936 1303 3993 fideiussori

158 4067 247 4084 .....
261 4026 301 4082 rei
315 4038 410 4082 autem
423 4030 606 4082 cohaerentes
623 4025 804 4095 exceptiones
817 4025 903 4079 etiam
917 4022 1072 4078 fideiussori
1086 4031 1259 4092 competunt,
1272 4031 1303 4076 ut

156 4109 196 4167 rei
222 4109 370 4180 iudicatae,
396 4111 453 4167 doli
479 4111 555 4179 mali,
580 4107 767 4176 iurisiurandi,
789 4108 866 4178 quod
890 4117 983 4162 metus
1008 4123 1095 4162 causa
1119 4105 1225 4158 sactum
1250 4114 1300 4160 est.

159 4194 248 4264 Igitur
260 4203 288 4248 et
302 4193 325 4249 si
342 4213 406 4250 reus
424 4204 523 4265 pactus
540 4194 576 4248 sit
593 4193 622 4247 in
638 4209 707 4260 rem,
720 4190 886 4246 omnimodo
902 4190 1037 4261 competit
1049 4188 1177 4258 exceptio
1191 4186 1303 4242 fideius-

157 4278 232 4335 sori:
255 4278 465 4334 intercessionis
490 4293 602 4349 quoque
627 4275 763 4346 exceptio,
785 4274 853 4330 item
879 4275 955 4346 quod
979 4271 1116 4329 libertatis
1140 4269 1303 4326 onerandas

157 4379 244 4419 causa
255 4363 367 4434 petitur,
380 4361 465 4418 etiam
480 4359 636 4416 fideiussori
649 4358 800 4430 competit'
813 4359 878 4427 Dig.
892 4373 935 4426 44.
952 4373 974 4412 1.
987 4371 1012 4424 7.

162 4485 166 4490 -
195 4449 225 4514 lt,
238 4448 262 4504 is
279 4464 319 4503 on
333 4447 382 4504 the
394 4444 531 4518 principle
544 4444 637 4500 stated
649 4443 681 4498 in
691 4443 740 4498 the
752 4451 810 4498 text
824 4441 902 4514 (quia
914 4440 960 4514 qui
975 4440 1045 4496 alios
1059 4481 1065 4494 .
1080 4477 1087 4493 .
1101 4481 1106 4494 .
1121 4477 1127 4492 .
1141 4454 1223 4493 suum
1236 4453 1303 4491 con·
