3176 5022
247 345 310 412 302
448 334 551 390 INST
549 333 598 388 lT
599 331 655 388 UT
652 331 797 390 IONUM
815 329 933 386 LIBRI
952 329 1189 402 QUATTUOR.
1290 331 1354 397 [Lib.
1364 337 1397 384 11.

217 501 427 584 taliquando
456 499 587 564 heredis
617 497 796 580 aliquando
826 496 975 579 legatarii
1001 496 1075 560 loco
1101 495 1296 560 habebatur.
1350 495 1397 559 Et

248 607 281 668 in
303 604 445 668 Neronis
465 603 600 686 quidem
622 601 828 684 temporibus
847 599 1014 663 Trebellio
1033 600 1187 664 Maximo
1206 608 1240 662 et
1254 599 1398 664 Annaeo

249 707 377 772 Seneca
392 707 580 772 consulibus
603 716 737 770 senatus
759 705 945 770 consultum
961 704 1086 768 sactum
1103 713 1165 781 est,
1179 725 1248 787 quo
1263 713 1396 768 cautum

248 823 307 890 est,
323 821 368 890 ut,
383 812 410 875 si
426 809 591 875 hereditas
606 831 650 874 ex
666 809 911 876 fideicommissi
932 829 1031 872 causa
1047 809 1198 873 restituta
1214 809 1266 884 sit,
1282 829 1397 874 omnes

247 917 401 994 actiones,
419 935 505 998 quae
527 915 597 980 iure
618 913 704 982 civili
730 914 843 978 heredi
867 923 901 978 et
924 915 958 976 in
979 913 1136 977 heredem
1159 922 1397 995 competerent.

247 1022 277 1083 ei
302 1029 336 1084 et
360 1021 392 1083 in
418 1041 494 1084 eum
520 1022 686 1096 darentur,
709 1019 761 1083 cui
789 1039 833 1082 ex
857 1018 1113 1082 fideicommisso
1136 1019 1288 1082 restituta
1310 1027 1397 1082 esset

247 1124 423 1189 hereditas.
475 1133 552 1207 post
575 1125 665 1206 quod
692 1121 1037 1188 senatusconsultum
1064 1131 1197 1205 praetor
1221 1121 1319 1185 utiles
1344 1142 1397 1185 ac·

247 1230 355 1293 tiones
370 1229 400 1293 ei
415 1239 450 1293 et
466 1228 498 1291 in
514 1249 590 1292 eum
612 1228 669 1310 qui
688 1227 811 1310 recepit
831 1227 1049 1291 hereditatem
1071 1227 1165 1308 quasi
1187 1225 1300 1289 heredi
1315 1235 1349 1289 et
1364 1225 1397 1287 in

218 1333 403 1397 5heredem
428 1335 507 1406 dare
537 1333 656 1416 coepit.
712 1331 781 1396 Sed
814 1331 892 1414 quia
921 1329 1060 1394 heredes
1089 1329 1212 1412 scripti,
1239 1349 1313 1394 cum
1340 1341 1397 1395 aut

248 1446 355 1500 totam
385 1421 604 1500 hereditatem
634 1443 692 1499 aut
718 1455 828 1518 paene
857 1443 963 1500 totam
1004 1433 1199 1516 plerumque
1228 1434 1398 1498 restituere

249 1541 456 1623 rogabantur,
471 1540 563 1603 adire
577 1537 795 1603 hereditatem
811 1539 855 1602 ob
871 1537 998 1601 nullum
1014 1537 1066 1601 vel
1083 1538 1255 1600 minimum
1271 1537 1396 1600 lucrum

249 1644 445 1708 recusabant
468 1653 569 1726 atque
583 1643 627 1706 ob
643 1643 676 1706 id
692 1643 972 1726 extinguebantur
986 1640 1260 1706 fideicommissa:
1283 1651 1397 1724 postea

248 1747 444 1830 Vespasiani
458 1746 605 1829 Augusti
628 1747 832 1829 temporibus
849 1747 975 1828 Pegaso
997 1755 1031 1808 et
1048 1745 1189 1809 Pusione
1211 1745 1398 1809 consulibus

249 1859 384 1914 senatus
410 1851 547 1922 censuit,
574 1859 611 1914 ut
637 1851 676 1926 ei,
702 1851 758 1933 qui
784 1859 918 1934 rogatus
943 1859 1030 1914 esset
1056 1848 1274 1913 hereditatem
1305 1849 1397 1912 resti·

249 1963 349 2030 tuere,
375 1955 511 2036 perinde
541 1953 654 2018 liceret
679 1963 833 2036 quartam
864 1962 993 2036 partem
1024 1954 1172 2027 retinere,
1199 1963 1301 2036 atque
1324 1953 1397 2035 lege

250 2057 396 2123 Falcidia
419 2079 464 2122 ex
487 2059 605 2141 legatis
627 2058 768 2123 retinere
791 2059 993 2123 conceditur.
1038 2079 1082 2122 ex
1107 2057 1245 2141 singulis
1266 2077 1397 2141 quoque

249 2163 353 2240 rebus,
368 2183 455 2246 quae
476 2183 534 2246 per
552 2163 840 2227 fideicommissum
862 2161 1096 2243 relinquuntur,
1117 2163 1235 2227 eadem
1259 2163 1397 2227 retentio

248 2266 408 2348 permissa
423 2277 483 2331 est.
528 2277 604 2348 post
625 2267 716 2350 quod
738 2275 871 2330 senatus
894 2265 1084 2331 consultum
1102 2266 1172 2349 ipse
1187 2266 1283 2331 heres
1298 2287 1397 2331 onera

248 2370 444 2434 hereditaria
481 2371 684 2434 sustinebat:
726 2369 781 2433 ille
817 2379 939 2448 autem,
968 2369 1025 2453 qui
1063 2391 1108 2434 ex
1145 2370 1398 2435 fideicommisso

248 2475 372 2554 recepit
394 2484 523 2555 partem
545 2474 746 2552 hereditatis,
765 2473 913 2556 legatarii
938 2473 1083 2556 partiarii
1104 2473 1178 2538 loco
1201 2484 1278 2550 erat,
1295 2474 1329 2538 id
1348 2485 1398 2540 est

248 2577 319 2639 eius
334 2576 491 2660 legatarii,
504 2580 556 2642 cui
572 2597 647 2660 pars
661 2579 824 2641 bonorum
836 2577 1017 2660 legabatur.
1056 2597 1142 2660 quae
1157 2579 1282 2661 species
1297 2578 1397 2661 legati
1440 2613 1443 2618 ·

250 2681 383 2762 partitio
412 2681 600 2761 vocabatur,
624 2683 701 2766 quia
731 2702 807 2746 cum
837 2681 959 2746 herede
988 2681 1167 2763 legatarius
1196 2683 1399 2765 partiebatur

249 2783 477 2850 hereditatem.
521 2787 608 2849 unde
626 2807 712 2869 quae
729 2785 881 2850 solebant
897 2785 1128 2868 stipulationes
1143 2787 1229 2850 inter
1242 2787 1397 2852 heredem

250 2897 285 2952 et
312 2890 503 2970 partiarium
528 2890 725 2974 legatarium
751 2890 925 2973 interponi,
944 2891 1081 2955 eaedem
1108 2891 1399 2973 interponebantur

250 2993 335 3055 inter
371 3013 456 3068 eum,
485 2995 542 3076 qui
579 3015 624 3058 ex
657 2993 913 3058 fideicommisso
943 2994 1068 3077 recepit
1104 2993 1333 3071 hereditatem,
1364 3008 1399 3062 et

249 3095 415 3175 heredem,
439 3098 473 3160 id
498 3107 549 3162 est
575 3107 611 3162 ut
635 3106 670 3162 et
691 3099 817 3162 lucrum
842 3109 876 3162 et
899 3099 1059 3162 damnum
1082 3097 1317 3163 hereditarium
1340 3120 1399 3182 pro

220 3211 322 3266 urata
337 3211 431 3283 parte
453 3203 537 3266 inter
555 3224 611 3266 eos
630 3222 806 3267 commune
829 3205 879 3266 sit.
927 3201 1016 3286 Ergo
1039 3203 1066 3266 si
1089 3204 1222 3286 quidem
1244 3224 1309 3267 non
1326 3203 1399 3287 plus

249 3325 350 3386 quam
369 3305 566 3372 dodrantem
584 3307 778 3372 hereditatis
799 3306 940 3390 scriptus
962 3306 1057 3370 heres
1080 3317 1214 3390 rogatus
1237 3309 1280 3372 sit
1303 3307 1396 3372 resti-

249 3417 350 3484 tuere,
381 3419 459 3473 tunc
489 3432 532 3474 ex
562 3409 774 3475 Trebelliano
812 3420 946 3475 senatus
983 3409 1134 3475 consulto
1164 3413 1397 3476 restituebatur

249 3513 416 3577 hereditas
438 3524 472 3578 et
494 3515 527 3577 in
543 3523 720 3597 utrumque
741 3515 887 3579 actiones
905 3515 1122 3578 hereditariae
1137 3535 1197 3598 pro
1216 3526 1288 3580 rata
1306 3527 1398 3599 parte

250 3616 433 3680 dabantur:
467 3619 500 3680 in
524 3617 680 3681 heredem
703 3619 839 3701 quidem
863 3619 931 3682 iure
961 3617 1054 3693 civili,
1079 3618 1113 3682 in
1143 3641 1219 3683 eum
1243 3641 1319 3684 vero
1342 3621 1398 3704 qui

252 3719 429 3800 recipiebat
451 3719 670 3784 hereditatem
694 3741 738 3784 ex
760 3731 894 3784 senatus
914 3720 1064 3785 consulto
1083 3721 1293 3788 Trebelliano
1313 3733 1397 3787 tam·

249 3843 351 3906 quam
378 3825 410 3886 in
433 3823 598 3888 heredem.
652 3834 689 3889 at
718 3827 745 3889 si
769 3827 844 3909 plus
867 3848 969 3910 quam
993 3828 1190 3892 dodrantem
1215 3830 1269 3893 vel
1298 3831 1398 3894 etiam

250 3937 357 3991 totam
372 3927 591 3992 hereditatem
609 3930 780 3994 restituere
795 3941 931 4012 rogatus
953 3933 1003 4006 sit,
1020 3931 1112 3996 locus
1131 3941 1201 3996 erat
1217 3933 1399 4016 Pegasiano

250 4041 384 4096 senatus
407 4031 566 4111 consult0,
595 4043 629 4098 et
653 4033 756 4114 heres,
773 4036 830 4118 qui
854 4033 958 4100 semel
982 4035 1098 4100 adierit
1123 4037 1349 4116 hereditatem,
1372 4038 1398 4102 si

251 4137 352 4200 modo
376 4157 436 4202 sua
461 4136 633 4202 voluntate
659 4138 785 4214 adierit,
807 4139 876 4202 sive
903 4139 1072 4204 retinuerit
1097 4151 1249 4223 quartam
1272 4151 1398 4224 partem

287 4372 318 4444 ἐξ
333 4377 400 4429 4-6.
419 4377 481 4430 The
495 4377 549 4430 SC.
563 4376 781 4446 Trebellianum,
795 4389 858 4430 ml).
872 4377 915 4446 62,
929 4395 986 4433 was
1005 4377 1143 4448 designed
1163 4377 1191 4433 in
1204 4379 1286 4434 order
1299 4389 1328 4435 to
1343 4380 1400 4436 dis·

251 4473 338 4527 pense
352 4457 417 4511 with
430 4458 478 4513 tbe
490 4459 599 4529 clumsy
607 4475 723 4529 process
736 4460 769 4515 os
777 4460 910 4516 fictitious
924 4462 983 4517 sale
995 4461 1053 4517 and
1066 4463 1115 4518 the
1128 4461 1306 4534 stipulations
1319 4465 1400 4535 quasi
