3176 5022
239 289 304 372 354
439 281 543 339 INST
541 281 590 338 Π
591 281 646 339 UT
645 280 792 338 IONUM
807 279 928 337 LIBRI
945 279 1181 354 QUATTUOR.
1268 283 1332 349 [Lib.
1342 287 1394 336 111.

786 511 847 578 tv.

464 689 514 742 on
538 687 707 742 sanatus
730 685 926 740 consumo
948 687 1164 742 otu-mmo.

283 843 347 906 Per
374 841 575 906 contrarium
600 848 712 903 autem
742 847 780 902 ut
809 835 903 901 liberi
933 837 977 901 ad
1006 838 1095 903 bona
1120 848 1263 904 matrum
1289 840 1393 904 intes-

239 955 384 1012 tatarum
407 945 635 1023 admittantur,
654 951 788 1006 senatus
799 941 962 1006 ·consulto
978 941 1140 1008 Orfitiano
1160 945 1313 1008 ellectum
1329 953 1393 1023 est,

239 1052 329 1134 quod
348 1049 454 1114 latum
478 1057 529 1112 est
552 1047 660 1112 Orfito
682 1053 716 1110 et
745 1044 835 1108 Rufo
858 1045 1057 1123 consulibus,
1081 1047 1149 1111 divi
1174 1047 1278 1112 Marci
1303 1058 1390 1112 tem-

237 1154 382 1238 poribus.
420 1162 455 1217 et
469 1153 550 1216 data
565 1161 617 1215 est
639 1159 709 1214 tam
731 1148 800 1212 filio
821 1169 922 1232 quam
942 1148 1031 1212 filiae
1051 1149 1199 1233 legitima
1213 1149 1391 1229 hereditas,

240 1257 369 1322 etiamsi
398 1257 507 1322 alieno
537 1255 598 1319 iuri
628 1253 767 1318 subiecti
797 1263 896 1318 sunt:
930 1263 964 1317 et
993 1253 1220 1338 praeferuntur
1250 1264 1285 1320 et
1312 1276 1391 1320 con-

211 1361 428 1445 lsanguineis
452 1372 486 1426 et
510 1359 665 1442 adgnatis
691 1359 867 1422 defunctae
890 1359 1013 1423 matris.
1060 1357 1128 1423 Sed
1155 1380 1230 1423 cum
1258 1380 1302 1423 ex
1326 1359 1390 1425 hoc

239 1477 374 1532 senatus
389 1465 540 1530 consulto
559 1473 698 1546 nepotes
718 1463 762 1527 ad
784 1463 878 1526 aviae
896 1461 1136 1528 successionem
1156 1463 1305 1546 legitimo
1320 1465 1390 1528 iure

239 1589 306 1633 non
335 1569 546 1646 vocabantur,
580 1575 698 1650 postea
733 1565 797 1630 hoc
832 1566 1123 1631 constitutionibus
1155 1567 1390 1650 principalibus

238 1675 452 1738 emendatum
478 1683 537 1746 est,
561 1682 599 1738 ut
624 1673 667 1735 ad
691 1670 940 1735 similitudinem
963 1669 1105 1734 filiorum
1128 1670 1333 1755 filiarumque
1355 1681 1390 1736 et

209 1787 379 1860 2nep0tes
394 1785 428 1840 et
447 1785 564 1859 neptes
579 1785 744 1839 vocentur.
792 1773 970 1839 Sciendum
992 1783 1105 1838 autern
1129 1784 1179 1839 est
1201 1775 1390 1840 huiusmodi

238 1881 470 1955 successiones,
487 1900 572 1963 quae
583 1900 605 1944 a
616 1877 823 1942 Tertulliano
839 1887 872 1942 et
889 1877 1052 1942 Orfitiano
1064 1877 1262 1958 deferuntur,
1273 1879 1391 1962 capitis

239 1987 465 2052 deminutione
491 2005 557 2048 non
583 1984 707 2066 peremi
733 1991 868 2066 propter
891 1983 982 2045 illam
1009 1983 1166 2066 regulam,
1194 2004 1260 2066 qua
1285 2003 1390 2047 novae

238 2090 440 2156 hereditates
466 2089 634 2172 legitimae
664 2087 781 2170 capitis
808 2085 1034 2150 deminutione
1064 2107 1131 2150 non
1157 2098 1311 2169 pereunt„
1331 2087 1390 2150 sed

239 2194 317 2259 illae
346 2194 436 2260 solae
466 2213 551 2277 quae
586 2213 630 2255 ex
660 2193 735 2275 lege
765 2190 942 2255 duodecim
972 2190 1160 2254 tabularum
1189 2191 1390 2256 deseruntur.

239 2297 428 2363 Novissime
465 2297 636 2362 sciendum
673 2305 725 2360 est
766 2295 868 2359 etiam
910 2293 984 2358 illos
1025 2293 1153 2368 liberos,
1196 2295 1253 2378 qui
1290 2295 1390 2380 vulgo

210 2404 382 2484 3quaesiti
404 2413 489 2478 sunt,
509 2401 552 2464 ad
573 2401 687 2465 matris
704 2400 923 2464 hereditatem
940 2419 983 2462 ex
1004 2397 1067 2463 hoc
1086 2409 1221 2464 senatus
1239 2400 1389 2464 consulto

237 2506 381 2570 admitti.

209 2626 227 2680 4
283 2607 320 2673 Si
347 2629 391 2672 ex
414 2606 562 2690 pluribus
592 2606 746 2690 legitimis
773 2607 950 2672 heredibus
972 2607 1111 2690 quidam
1137 2608 1308 2672 omiserint
1331 2607 1389 2671 he·

274 2823 322 2890 §t
336 2821 399 2877 The
412 2831 589 2878 enactments
598 2821 722 2876 referred
734 2831 764 2877 to
774 2839 822 2878 are
832 2823 914 2878 those
924 2823 1039 2894 already
1049 2823 1124 2879 cited
1137 2823 1195 2878 and
1204 2821 1391 2878 summarised

238 2923 275 2962 on
289 2905 345 2962 Tit.
362 2920 384 2960 1.
401 2917 432 2987 ις,
444 2922 518 2974 supr.

275 2987 289 3060 ξ
303 2991 332 3046 2.
351 2987 491 3060 Justinian
505 2987 529 3043 is
541 2989 609 3044 here
621 2987 760 3059 speaking
774 2989 807 3043 oi
818 2989 919 3061 capitis
935 2989 1091 3046 deminutio
1107 2989 1225 3046 minima
1238 2989 1305 3059 only
1318 3009 1326 3056 ;
1342 2989 1391 3044 the

237 3073 337 3128 child's
349 3071 424 3142 right
437 3082 467 3127 to
480 3073 601 3128 succeed
613 3091 670 3128 was
683 3073 773 3128 based
786 3091 823 3128 on
836 3075 946 3129 natural
965 3073 1125 3144 cognatiori,
1138 3075 1195 3129 and
1209 3073 1237 3128 in
1251 3075 1302 3129 Blc
1316 3073 1333 3128 't
1351 3073 1389 3128 16.

237 3157 344 3227 6supr.
356 3157 393 3212 he
410 3173 476 3227 says
489 3155 583 3228 ‘quod
602 3167 697 3212 autem
711 3155 874 3212 dictumest
892 3175 1008 3214 manere
1026 3157 1204 3228 cognationis
1222 3158 1265 3213 ius
1281 3169 1309 3213 et
1326 3167 1390 3228 post

238 3239 339 3310 capitis
360 3241 591 3310 deminutionem,
612 3241 668 3296 hoc
690 3239 730 3295 ita
751 3251 803 3309 est,
824 3241 847 3295 si
867 3240 986 3296 minima
1007 3241 1109 3311 capitis
1130 3241 1286 3297 deminutio
1306 3240 1391 3296 inter-

238 3324 350 3394 veniat,’
368 3325 471 3380 andin
490 3327 538 3380 the
558 3324 660 3394 Digest
679 3323 734 3393 (38.
751 3338 791 3391 17.
808 3340 829 3380 1.
843 3325 870 3394 8)
892 3325 1007 3395 Ulpian,
1027 3325 1166 3396 speaking
1180 3326 1213 3380 oi
1227 3323 1390 3380 succession

238 3408 329 3462 under
340 3408 397 3463 this
416 3407 480 3478 SC,
493 3425 559 3478 says
573 3407 649 3463 ‘sive
668 3407 731 3479 quis
750 3418 817 3462 ante
836 3407 961 3462 delatam
979 3408 1072 3479 capite
1090 3409 1232 3478 minuitur,
1246 3407 1284 3463 ad
1301 3407 1392 3478 legiti-

238 3506 316 3544 mam
334 3489 521 3546 hereditatem
539 3491 712 3560 admittetur,
726 3490 780 3544 nisi
799 3507 904 3560 magna
923 3491 1025 3561 capitis
1039 3491 1195 3547 deminutio
1214 3489 1391 3560 interveniat,

238 3588 311 3641 quae
329 3575 374 3627 vel
392 3572 536 3629 civitatem
555 3572 663 3642 adimit,
676 3583 706 3627 ut
725 3583 802 3642 puta,
821 3573 844 3627 si
864 3574 1044 3644 deportetur.²
1080 3576 1143 3630 The
1156 3575 1220 3630 ‘illa
1238 3575 1350 3644 regula’
1366 3573 1391 3629 is

238 3655 333 3709 rather
350 3665 399 3710 too
417 3655 518 3725 widely
536 3655 638 3724 stated,
656 3673 688 3712 as
707 3656 787 3711 there
806 3673 878 3711 were
896 3674 977 3713 some
995 3675 1076 3713 cases
1095 3657 1124 3712 in
1143 3659 1234 3713 which
1251 3659 1391 3713 bonorum

238 3737 383 3808 possessio
395 3737 471 3794 unde
483 3737 564 3794 liberi
577 3755 633 3794 was
646 3739 701 3794 lost
714 3739 752 3808 by
764 3737 865 3809 capitis
880 3739 1045 3810 deminutio,
1060 3741 1125 3810 Dig.
1139 3742 1181 3810 38.
1194 3743 1220 3796 6.
1234 3756 1259 3811 9.

276 3819 289 3892 ξ
304 3824 331 3877 3.
353 3821 394 3877 Cf.
409 3822 463 3877 Tit.
478 3836 501 3890 y
516 3836 532 3889 7
546 3839 620 3892 supr.
634 3823 692 3877 and
711 3824 782 3878 Cod.
791 3823 817 3878 6.
833 3836 872 3892 57.
892 3827 910 3893 ς
920 3823 944 3894 (J
948 3823 1082 3894 ustinian)
1103 3825 1261 3880 ‘sancimus
1280 3863 1288 3878 .
1308 3867 1315 3880 .
1336 3867 1342 3880 .
1361 3835 1391 3880 ut

237 3921 331 3977 neque
343 3923 378 3961 ex
390 3915 569 3974 testamento,
582 3923 674 3976 neque
687 3907 723 3960 ab
736 3905 879 3976 intestato,
893 3925 985 3978 neque
998 3925 1032 3964 ex
1045 3909 1212 3965 liberalitate
1226 3907 1391 3964 interrivos

237 3989 345 4060 habita,
367 3989 448 4045 iustis
472 3989 567 4045 liberis
592 3989 785 4059 existentibus,
807 3990 915 4060 aliquid
940 3991 977 4045 ab
1005 3991 1159 4047 illustribus
1187 3991 1325 4046 matribus
1354 3991 1392 4046 ad

184 4093 195 4113 ·
238 4073 349 4143 spurios
362 4071 516 4144 perveniat.
554 4073 605 4129 Sin
623 4083 718 4129 autem
737 4073 896 4128 concubina
915 4073 1021 4130 liberae
1040 4075 1215 4130 condicionis
1238 4075 1391 4131 constituta

239 4155 326 4210 lilium
345 4157 390 4211 vel
409 4155 505 4224 filiam,
523 4173 558 4210 ex
576 4155 653 4212 licita
674 4156 879 4212 consuetudine
898 4157 936 4212 ab
955 4157 1070 4212 homine
1089 4157 1179 4213 libero
1201 4159 1308 4226 habita,
1327 4175 1390 4229 pro-

237 4239 383 4308 creaverit,
401 4256 451 4294 eos
470 4237 556 4294 etiam
574 4257 639 4295 cum
657 4239 790 4311 legitimis
807 4239 903 4295 libetis
926 4239 964 4295 ad
982 4251 1112 4297 materna
1129 4241 1226 4297 venire
1250 4243 1388 4297 bona...

238 4323 316 4376 nulla
328 4321 467 4376 dubitatio
480 4323 540 4376 est’

275 4402 289 4474 ξ
303 4408 331 4458 4.
351 4405 414 4459 The
426 4405 479 4459 law
492 4403 525 4458 os
532 4405 644 4460 accrual
657 4423 761 4475 among
770 4406 843 4476 joint
856 4406 932 4462 heirs
945 4407 982 4462 ab
995 4405 1129 4463 intestato
1143 4405 1262 4464 differed
1274 4405 1389 4462 accord:
