3166 5022
215 337 277 408 252
411 335 513 390 INST
512 335 559 390 IT
562 335 616 390 UT
615 335 762 392 IONUM
778 334 899 390 LIBRI
916 333 1153 408 QUATTUOR.
1251 335 1315 402 [Lib.
1327 341 1361 389 11.

740 550 835 616 XIV.

495 725 545 776 oa
567 726 781 780 usnuuraus
804 727 1082 782 msrrruawors

261 874 412 939 Heredes
449 876 619 942 instituere
655 879 851 962 permissum
882 887 933 945 est
962 889 1031 944 tarn
1063 877 1183 944 liberos
1212 876 1366 941 homines

215 997 316 1061 quam
332 999 442 1044 servos
457 990 526 1044 tam
541 983 691 1065 proprios
706 1001 807 1066 quam
822 983 956 1048 alienos.
987 983 1136 1066 proprios
1155 991 1267 1046 autem
1283 981 1366 1044 olim

216 1082 352 1164 quidem
373 1086 556 1148 secundum
578 1085 721 1168 plurium
741 1087 922 1152 sententias
949 1107 1016 1150 non
1039 1085 1135 1150 aliter
1160 1104 1261 1168 quam
1290 1103 1367 1148 cum

215 1187 369 1252 libertate
391 1198 480 1252 recte
499 1189 670 1255 instituere
691 1191 822 1256 licebat.
852 1189 953 1255 hodie
967 1211 1045 1256 vero
1068 1190 1168 1254 etiam
1180 1191 1255 1282 sine
1270 1187 1368 1251 liber-

216 1299 286 1355 tate
302 1311 346 1354 ex
362 1301 473 1356 nostra
487 1295 720 1360 constitutione
739 1294 878 1360 heredes
901 1317 958 1360 eos
981 1294 1150 1360 instituere
1170 1293 1368 1376 permissum

217 1405 278 1459 est.
309 1395 399 1477 quod
422 1416 487 1459 non
509 1419 570 1480 per
587 1399 833 1464 innovationem
857 1399 1058 1479 induximus,
1073 1399 1132 1463 sed
1152 1397 1309 1480 quoniam
1332 1407 1368 1460 et

217 1499 353 1580 aequius
368 1508 437 1564 erat
455 1509 489 1565 et
504 1501 666 1568 Atilicino
681 1503 844 1587 placuisse
860 1504 981 1569 Paulus
1001 1503 1068 1568 suis
1083 1502 1183 1581 libris,
1199 1522 1282 1584 quos
1297 1511 1368 1565 tam

218 1603 261 1666 ad
293 1603 477 1668 Masurium
508 1603 669 1672 Sabinum
700 1629 801 1691 quam
828 1609 872 1672 ad
899 1608 1066 1672 Plautium
1092 1607 1230 1690 scripsit,
1260 1605 1368 1670 refert.

219 1708 369 1789 proprius
395 1719 507 1774 autem
532 1731 644 1777 servus
670 1713 770 1776 etiam
797 1712 826 1777 is
853 1709 1064 1794 intellegitur,
1090 1711 1125 1774 in
1151 1730 1218 1792 quo
1244 1710 1369 1773 nudam

175 1863 177 1868 .
218 1811 455 1893 proprietatem
493 1823 634 1879 testator
663 1815 775 1892 habet,
806 1815 872 1880 alio
905 1836 1001 1880 usum
1033 1813 1175 1878 fructum
1214 1812 1369 1876 habente.

220 1923 272 1979 est
292 1925 405 1980 autem
433 1936 536 1992 casus,
560 1919 681 2003 inquo
708 1939 768 1984 nec
793 1939 868 1984 cum
895 1919 1048 1984 libertate
1070 1917 1194 1982 utiliter
1216 1937 1327 1981 servus
1349 1935 1370 1979 a

220 2019 356 2082 domina
377 2018 473 2086 heres
496 2021 685 2100 instituitur,
706 2033 743 2088 ut
766 2023 1004 2088 constitutione
1025 2024 1175 2087 divorum
1200 2019 1313 2086 Severi
1336 2029 1371 2086 et

221 2121 385 2188 Antonini
408 2134 550 2205 cavetur,
573 2129 666 2194 cuius
680 2129 782 2194 verba
800 2127 882 2193 haec
905 2139 1002 2193 sunt:
1025 2127 1186 2192 ‘Servum
1208 2125 1371 2190 adulterio

222 2227 424 2293 maculatum
441 2250 507 2294 non
523 2231 592 2296 iure
607 2241 808 2298 testamento
824 2233 1063 2298 manumissum
1078 2241 1157 2296 ante
1172 2231 1370 2296 sententiam

222 2329 265 2394 ab
278 2352 317 2396 ea
330 2331 465 2399 muliere
475 2336 587 2412 videri,
601 2357 686 2419 quae
697 2358 753 2401 rea
764 2329 871 2401 suerat
882 2335 1028 2400 eiusdem
1041 2334 1183 2400 criminis
1195 2333 1372 2416 postulata,

140 2418 152 2436 ⁸
223 2436 358 2500 rationis
379 2447 447 2501 est:
471 2460 572 2522 quare
594 2443 750 2524 sequitur,
767 2451 805 2506 ut
828 2442 861 2504 in
885 2441 1026 2505 eundem
1049 2461 1070 2504 a
1091 2439 1228 2504 domina
1251 2438 1372 2503 collata

225 2540 386 2605 institutio
410 2541 531 2608 nullius
553 2547 714 2610 momenti
735 2545 916 2612 habeatur?
947 2545 1075 2609 alienus
1090 2565 1202 2608 servus
1224 2543 1326 2608 etiam
1345 2543 1373 2606 is

195 2643 432 2726 lintellegitur,
462 2647 495 2710 in
518 2668 585 2730 quo
616 2670 712 2712 usum
745 2649 887 2713 fructum
919 2657 1060 2714 testator
1084 2647 1195 2712 habet.
1251 2645 1373 2711 Servus

224 2756 335 2812 autem
362 2771 383 2813 a
408 2750 543 2817 domino
570 2773 630 2816 suo
656 2753 752 2818 heres
781 2755 960 2832 institutus,
986 2755 1012 2818 si
1037 2753 1173 2835 quidem
1198 2752 1231 2815 in
1256 2752 1373 2815 eadem

225 2982 297 3021 were
317 2965 448 3035 properly
460 2963 645 3021 disinherited
663 2965 692 3020 in
711 2967 759 3022 the
776 2966 831 3021 will
849 2966 933 3022 could
951 2963 1018 3022 take
1035 2963 1156 3034 nothing
1173 2963 1263 3019 under
1281 2961 1311 3032 it,
1324 2963 1341 3018 i.
1349 2979 1373 3017 e.

225 3049 274 3103 the
293 3046 509 3102 exheredations
528 3047 620 3116 stand,
643 3065 714 3104 even
736 3051 844 3121 though
866 3049 915 3105 the
936 3049 991 3104 will
1012 3047 1036 3104 is
1058 3048 1222 3119 practically
1240 3045 1375 3115 nulllfied,

226 3133 321 3186 unless
333 3133 382 3186 the
395 3131 450 3186 will
462 3131 541 3186 itsell
549 3132 683 3188 becomes
696 3133 762 3190 void
774 3135 812 3204 by
824 3131 911 3204 being
923 3132 1096 3190 destitutum.

263 3215 302 3286 (2)
322 3216 384 3270 The
397 3215 480 3271 effect
498 3217 532 3270 of
543 3217 682 3272 bonorum
699 3217 843 3288 possessio
860 3227 959 3273 contra
976 3215 1087 3271 tabulas
1099 3213 1186 3284 being
1199 3222 1250 3269 not
1262 3223 1292 3269 to
1311 3213 1375 3268 sub·

227 3299 324 3357 stitute
337 3300 385 3356 the
403 3299 537 3370 ordinary
549 3301 623 3356 rules
640 3301 674 3355 os
682 3301 829 3372 intestacy,
842 3302 892 3356 but
910 3311 940 3356 to
957 3299 1041 3354 make
1053 3299 1102 3354 the
1121 3297 1284 3354 deceased’s
1299 3297 1377 3352 bona

227 3383 357 3440 divisible
375 3400 481 3455 among
498 3385 568 3439 such
586 3383 666 3440 liberi
686 3402 718 3440 as
737 3403 785 3440 are
802 3395 853 3440 not
872 3384 939 3454 duly
951 3381 1144 3450 disinherited,
1163 3382 1234 3436 later
1252 3381 1376 3449 changes

227 3469 256 3523 in
269 3467 318 3523 the
330 3469 384 3521 law
396 3468 428 3521 ol
437 3467 570 3523 intestate
588 3467 751 3523 succession
766 3468 800 3536 (e.
807 3486 834 3538 g.
849 3469 923 3522 Νον.
938 3465 998 3534 118)
1012 3467 1136 3520 baveno
1149 3464 1287 3520 influence
1300 3463 1376 3532 here,

228 3551 285 3606 and
297 3551 346 3604 the
358 3566 433 3605 nova
445 3551 571 3606 clausula
585 3551 686 3606 Iuliani
701 3551 755 3620 (for
767 3550 858 3606 which
870 3568 918 3606 see
933 3551 987 3624 Mr.
997 3549 1104 3604 Poste's
1116 3558 1183 3603 note
1196 3563 1233 3602 on
1247 3545 1335 3602 Gaius
1348 3543 1377 3602 ii.

231 3631 291 3702 135)
305 3631 422 3701 applles.

265 3713 303 3784 (3)
325 3713 438 3769 Certain
462 3713 589 3784 portions
613 3716 646 3770 os
666 3717 715 3771 the
735 3715 798 3786 will,
818 3715 843 3770 it
862 3714 938 3770 valid
957 3713 1016 3771 iure
1035 3713 1118 3784 civili,
1141 3711 1198 3770 still
1215 3711 1324 3768 remain
1348 3711 1377 3767 in

229 3801 313 3868 force,
326 3797 375 3852 vir.
390 3797 429 3866 (a)
442 3797 491 3853 the
503 3798 727 3868 exheredations,
742 3799 807 3870 Dig.
821 3812 863 3869 37.
876 3814 902 3866 4.
911 3799 936 3854 8.
949 3815 1000 3870 pr,
1013 3799 1051 3854 ib.
1067 3814 1108 3854 10.
1123 3810 1136 3868 5
1149 3817 1157 3864 ;
1176 3796 1212 3865 (b)
1225 3797 1274 3852 the
1286 3793 1379 3867 pupil-

229 3885 289 3951 lary
306 3879 502 3936 substitutions
519 3881 586 3951 (Tit.
602 3883 634 3937 16
646 3881 706 3951 inf.)
725 3883 783 3938 and
802 3882 1013 3953 appointments
1032 3883 1064 3937 os
1077 3890 1281 3950 testamentary
1297 3895 1379 3949 guar·

230 3965 330 4034 dians;
366 3963 400 4034 (c)
425 3964 547 4035 legacies
572 3965 629 4021 and
654 3966 874 4022 fideicommissa
904 3975 934 4022 to
960 3965 1129 4021 coniunctae
1155 3980 1303 4035 personae,
1327 3962 1378 4019 i.e.

121 4060 127 4072 ’
230 4048 400 4105 ascendants
413 4049 471 4103 and
490 4048 680 4105 descendants
697 4051 730 4104 ol
737 4051 786 4105 the
804 4059 931 4118 testator,
944 4049 1002 4105 and
1020 4049 1183 4120 praelegata
1195 4045 1270 4102 dotis
1282 4056 1313 4100 to
1331 4045 1380 4102 the

230 4133 293 4188 wife
312 4131 378 4202 (Tit.
392 4147 435 4187 20.
450 4145 480 4202 ις
494 4131 564 4201 ini),
579 4150 611 4188 or
628 4133 690 4189 wile
706 4134 739 4188 of
753 4151 770 4188 a
786 4133 969 4202 descendant,
984 4132 1050 4202 Dig.
1064 4145 1106 4200 37.
1122 4144 1145 4201 5.
1161 4146 1183 4186 1.
1196 4148 1238 4202 pr.
1274 4131 1301 4184 A
1313 4145 1380 4184 con·

145 4271 151 4286 ,
229 4215 358 4271 stitution
371 4215 403 4270 oi
411 4217 445 4270 A.
457 4214 523 4271 Pius
537 4215 615 4286 (Dig.
628 4229 670 4286 37.
686 4229 710 4286 5.
720 4215 747 4284 7)
760 4215 870 4272 limited
882 4217 930 4272 the
943 4225 1059 4270 amount
1072 4215 1105 4269 ol
1113 4214 1183 4269 such
1196 4209 1380 4282 dispositions

230 4301 269 4368 by
288 4299 420 4369 enacting
439 4300 500 4354 that
522 4299 560 4354 all
581 4301 630 4356 the
650 4300 817 4355 coniunctae
838 4315 977 4370 personae
996 4297 1126 4368 together
1143 4295 1227 4352 could
1245 4303 1295 4350 not
1314 4293 1380 4350 take

231 4399 310 4438 more
322 4383 390 4438 than
404 4383 474 4437 each
487 4383 520 4437 ol
528 4383 577 4438 the
589 4383 728 4439 bonorum
741 4399 929 4454 possessores.
1122 4427 1128 4440 .

266 4469 327 4520 vlt.
339 4469 426 4522 XIV.
448 4466 478 4520 Is
485 4483 504 4521 a
515 4468 593 4523 slave
606 4467 634 4522 in
648 4467 740 4523 whom
752 4466 872 4522 another
884 4465 942 4522 had
955 4481 972 4520 a
984 4463 1109 4521 usufruct
1122 4479 1179 4519 was
1192 4459 1381 4518 manumitted
