3112 5016
161 294 254 361 Tm]
272 293 385 364 QUOD
394 293 487 348 CUM
491 292 548 348 EO
561 291 637 363 QUI
644 292 697 346 IN
701 291 865 347 ALIENA
875 293 1203 362 POTESTATE,ET
1202 295 1233 351 C.
1246 299 1309 372 559

160 457 333 524 tributoria
355 457 493 540 expedit
514 477 622 540 agere,
650 457 751 521 modo
777 457 820 522 de
846 457 975 541 peculio
1000 470 1033 524 ct
1060 459 1093 522 in
1116 481 1186 524 rem
1205 482 1309 526 verso.

159 562 332 626 tributoria
361 562 437 625 ideo
463 563 601 643 expedit
629 581 736 644 agere,
762 562 840 644 quia
866 563 899 625 in
930 584 970 627 ea
999 562 1125 627 domini
1156 566 1307 628 condicio

159 666 335 748 praecipua
351 685 417 730 non
433 675 492 740 est,
509 666 542 730 id
564 675 614 730 est
632 666 721 748 quod
737 667 873 730 domino
889 667 1028 731 debetur
1043 687 1109 730 non
1126 669 1307 744 deducitur,

159 769 218 834 sed
237 770 385 833 eiusdem
406 769 483 834 iuris
503 779 554 834 est
574 769 737 845 dominus,
761 769 853 834 cuius
874 777 908 834 et
931 771 1029 834 ceteri
1050 772 1249 836 creditores:
1272 782 1308 838 at

159 874 193 938 in
208 873 339 936 actione
359 873 402 936 de
422 872 551 956 peculio
571 883 649 937 ante
664 873 838 938 deducitur
853 874 943 956 quod
962 875 1098 938 domino
1119 875 1258 938 debetur
1274 885 1308 942 et

159 977 192 1040 in
223 976 256 1041 id
287 977 376 1060 quod
412 976 574 1060 reliquum
608 987 659 1042 est
689 977 840 1042 creditori
871 977 1026 1041 dominus
1055 978 1303 1042 condemnatur.

160 1100 268 1144 rursus
294 1081 337 1145 de
363 1080 492 1164 peculio
518 1082 593 1146 ideo
620 1083 758 1164 expedit
781 1101 887 1164 agere,
915 1082 1005 1164 quod
1031 1081 1065 1144 in
1089 1081 1151 1146 hac
1177 1083 1308 1147 actione

159 1185 261 1249 totius
277 1185 395 1267 peculii
411 1186 494 1250 ratio
511 1185 660 1262 habetur,
677 1195 713 1250 at
731 1185 764 1249 in
784 1185 958 1251 tributoria
973 1186 1043 1250 eius
1061 1195 1200 1261 tantum,
1217 1187 1306 1269 quod

160 1288 357 1372 negotiatur,
384 1299 418 1353 et
447 1298 558 1372 potest
587 1291 725 1374 quisque
755 1290 853 1354 tertia
877 1289 961 1354 forte
986 1299 1080 1372 parte
1105 1289 1224 1374 peculii
1249 1299 1308 1355 aut

159 1403 277 1474 quarta
302 1392 355 1458 vel
381 1393 482 1458 etiam
507 1393 642 1458 minima
665 1395 835 1478 negotiari,
858 1395 1016 1458 maiorem
1039 1404 1150 1458 autem
1177 1403 1306 1476 partem

159 1496 192 1559 in
215 1497 357 1579 praediis
382 1506 415 1562 et
440 1497 610 1581 mancipiis
636 1506 694 1562 aut
720 1497 844 1562 fenebri
871 1497 1010 1580 pecunia
1033 1496 1164 1561 habere.
1209 1508 1307 1580 prout

158 1619 237 1683 ergo
253 1601 398 1684 expedit,
415 1603 461 1665 ita
481 1602 620 1686 quisque
640 1601 693 1666 vel
715 1601 801 1666 hanc
818 1602 983 1665 actionem
1004 1601 1057 1667 vel
1079 1601 1168 1666 illam
1186 1601 1307 1684 eligere

158 1704 276 1769 debet:
300 1715 388 1770 certe
403 1705 459 1789 qui
482 1715 593 1789 potest
614 1705 753 1788 probare
775 1707 808 1769 in
835 1725 904 1768 rem
924 1705 1049 1768 domini
1069 1726 1199 1768 versum
1224 1726 1306 1781 esse,

157 1808 256 1872 dein
283 1829 351 1872 rem
375 1829 469 1873 verso
494 1831 592 1892 agere
622 1809 731 1876 debet.
790 1809 887 1892 Quae
912 1810 1059 1873 diximus
1083 1810 1125 1872 de
1152 1830 1246 1873 servo
1269 1819 1337 1875 et6

157 1911 301 1991 domino,
328 1913 444 1977 eadem
471 1913 694 1997 intellegimus
718 1921 752 1978 et
778 1914 820 1976 de
846 1913 914 1977 filio
941 1922 974 1978 et
1004 1913 1072 1978 filia
1098 1922 1156 1976 aut
1182 1923 1304 1996 nepote

159 2023 192 2079 et
215 2027 324 2100 nepte,
343 2027 438 2099 patre
458 2039 562 2082 avove
581 2017 672 2081 cuius
693 2017 725 2080 in
746 2025 914 2100 potestate
934 2025 1020 2081 sunt.
1067 2015 1154 2079 Illud
1173 2018 1337 2099 proprie?
1389 2101 1393 2110 ·

157 2129 305 2184 servatur
329 2121 362 2184 in
389 2141 502 2185 eorum
529 2142 679 2204 persona,
704 2121 794 2204 quod
821 2129 953 2184 senatus
977 2119 1164 2184 consultum
1193 2121 1306 2184 Mace·

157 2209 337 2288 donianum
354 2225 521 2308 prohibuit
542 2236 674 2290 mutuas
694 2225 848 2308 pecunias
863 2225 933 2290 dari
955 2225 1009 2300 eis,
1026 2225 1082 2307 qui
1104 2224 1136 2288 in
1158 2227 1304 2307 parentis

158 2337 253 2392 erunt
279 2339 465 2410 potestate:
497 2338 531 2394 et
560 2330 590 2393 ei
620 2331 676 2412 qui
703 2329 877 2394 crediderit
906 2329 1088 2410 denegatur
1117 2329 1204 2394 actio
1234 2338 1305 2394 tam

157 2432 313 2496 adversus
329 2433 436 2516 ipsum
453 2433 557 2496 filium
573 2433 717 2498 filiamve
735 2441 891 2515 nepotem
908 2442 1093 2516 neptemve,
1110 2433 1178 2496 sive
1196 2432 1305 2498 adhuc

158 2536 190 2598 in
206 2546 371 2619 potestate
392 2547 476 2617 sunt,
494 2539 563 2601 sive
582 2547 687 2602 morte
705 2539 850 2621 parentis
869 2535 921 2600 vel
945 2536 1207 2619 emancipatione
1225 2556 1305 2601 suae

157 2643 331 2722 potestatis
347 2661 419 2706 esse
435 2643 611 2725 coeperint,
627 2663 727 2726 quam
743 2642 900 2706 adversus
920 2649 1048 2723 patrem
1070 2661 1219 2716 avumve,
1236 2641 1306 2705 sive

155 2741 278 2809 habeat
294 2766 350 2809 eos
365 2745 473 2810 adhuc
492 2745 524 2808 in
541 2755 707 2829 potestate
725 2747 794 2811 sive
815 2746 1078 2828 emancipaverit.
1122 2765 1208 2827 quae
1228 2745 1305 2809 ideo

157 2857 289 2912 senatus
312 2851 491 2932 prospexit,
513 2851 590 2932 quia
610 2871 709 2932 saepe
731 2851 857 2915 onerati
879 2869 955 2913 aere
975 2849 1083 2914 alieno
1106 2850 1304 2914 creditarum

154 3078 272 3148 pointed
284 3089 333 3134 out
346 3079 374 3134 in
388 3082 435 3136 the
448 3097 568 3151 passage
583 3081 659 3136 cited
675 3091 705 3136 at
722 3083 770 3138 the
788 3083 845 3137 end
861 3083 894 3137 of
908 3093 975 3138 note
990 3099 1027 3138 on
1047 3081 1061 3154 ξ
1076 3099 1092 3152 3
1111 3101 1186 3154 supr.
1215 3083 1304 3140 Gaius

157 3161 205 3230 (iv.
218 3162 264 3232 74)
277 3163 373 3218 thinks
385 3164 434 3219 the
449 3164 553 3220 former
565 3164 681 3234 remedy
693 3182 725 3220 as
744 3183 762 3219 a
779 3167 838 3220 rule
856 3161 1012 3236 preferable
1032 3177 1062 3220 to
1074 3167 1122 3221 the
1135 3167 1226 3222 latter.
1262 3169 1305 3221 As

156 3261 226 3300 soon
240 3263 272 3300 as
285 3247 333 3301 the
350 3247 444 3302 action
464 3247 588 3302 selected
607 3247 663 3302 had
681 3247 804 3302 reached
821 3247 877 3302 litis
895 3247 1073 3317 contestatio,
1087 3249 1134 3303 the
1153 3249 1233 3303 other
1246 3266 1304 3303 was

156 3327 352 3399 extinguished
365 3347 402 3384 on
415 3339 535 3384 account
548 3329 581 3384 of
594 3329 642 3386 the
659 3328 779 3400 identity
792 3329 824 3384 of
837 3331 886 3386 the
903 3329 1060 3400 obligation
1074 3330 1164 3386 which
1177 3332 1245 3400 they
1257 3331 1304 3401 lay

157 3421 187 3468 to
201 3413 323 3484 enforce‚
337 3413 402 3484 Dig.
421 3428 459 3480 14
473 3428 497 3480 4
512 3427 537 3482 9.
553 3429 575 3469 1.

191 3493 205 3568 §
219 3499 248 3552 6.
267 3499 322 3554 But
335 3497 384 3552 the
396 3496 599 3565 filiusfamilias,
613 3495 708 3552 unlike
721 3497 769 3552 the
783 3497 869 3566 slave,
883 3495 967 3552 could
980 3495 1015 3552 be
1029 3495 1098 3551 sued
1111 3495 1140 3551 in
1153 3513 1255 3568 person
1266 3515 1303 3554 ou

154 3578 198 3636 his
211 3597 274 3636 own
287 3590 428 3636 contracts
440 3601 448 3648 ;
467 3581 509 3636 for
521 3581 570 3636 the
582 3579 665 3635 etl'ect
681 3580 714 3634 of
722 3579 872 3650 judgment
888 3579 1041 3636 recovered
1058 3579 1169 3650 against
1182 3579 1242 3636 him
1255 3597 1304 3638 see

155 3678 192 3716 on
205 3663 259 3718 Tit.
276 3677 298 3733 5.
313 3679 328 3718 2
341 3681 416 3734 supr.
454 3662 624 3719 Sometimes
641 3673 692 3718 too
705 3680 723 3718 a
740 3681 806 3718 man
825 3679 882 3718 was
899 3661 984 3718 liable
1001 3679 1038 3717 on
1051 3681 1069 3718 a
1081 3673 1208 3719 contract
1221 3665 1303 3722 when

154 3744 239 3802 made
250 3745 289 3814 by
298 3745 342 3802 his
355 3764 416 3815 sou,
426 3747 476 3802 but
488 3756 538 3802 not
549 3747 630 3802 when
641 3746 725 3802 made
735 3745 773 3816 by
783 3745 828 3824 his
839 3747 934 3802 slave:
954 3745 1022 3800 ‘sed
1032 3745 1055 3800 si
1069 3745 1142 3802 filius
1155 3745 1304 3802 fideiussor

155 3827 199 3882 vel
209 3828 290 3899 quasi
303 3828 475 3884 interventor
487 3839 621 3900 acceptus
635 3829 679 3899 sit,
689 3847 725 3884 an
736 3829 773 3885 de
786 3829 897 3900 peculio
910 3839 1019 3899 patrem
1032 3829 1138 3899 obligat
1152 3830 1301 3901 quaeritur.

156 3911 193 3966 Et
215 3921 258 3966 est
278 3929 345 3966 vera
367 3911 465 3967 Sabini
483 3923 511 3968 et
535 3913 627 3968 Cassii
649 3912 789 3968 sententia
811 3911 1033 3968 existimantium
1055 3930 1167 3986 semper
1184 3912 1303 3984 obligari

154 4003 264 4065 patrem
277 3995 313 4051 de
326 3995 446 4064 peculio,
458 4004 486 4050 et
499 3995 604 4052 distare
617 3995 646 4049 in
658 3997 713 4050 hoc
726 4013 744 4050 a
756 3997 853 4050 servo'
867 3994 933 4064 Dig.
950 4009 959 4050 1
966 4007 989 4064 ς.
1006 4009 1026 4050 1.
1041 4011 1064 4064 3.
1079 4011 1103 4064 p

191 4075 205 4148 §
219 4081 247 4134 7.
265 4077 328 4132 The
340 4077 394 4133 last
407 4088 462 4133 two
475 4077 547 4132 lines
557 4078 589 4132 of
599 4077 655 4132 this
668 4075 776 4132 section
787 4077 853 4132 lend
866 4094 945 4132 some
959 4077 1055 4132 colour
1068 4089 1097 4132 to
1110 4078 1158 4132 the
1172 4088 1249 4149 story
1260 4098 1303 4136 re-

153 4161 230 4218 lated
238 4161 276 4230 by
284 4157 467 4231 Theophilus,
475 4160 537 4216 that
550 4161 597 4215 the
612 4161 666 4218 SC.
678 4160 928 4230 Macedonianum,
937 4161 1029 4216 which
1038 4179 1094 4217 was
1103 4161 1208 4232 passed
1218 4161 1247 4216 in
1255 4164 1303 4219 the

153 4242 222 4300 time
235 4243 268 4299 of
275 4242 365 4299 either
379 4242 513 4300 Claudius
526 4259 558 4298 or
570 4241 738 4313 Vespasian,
748 4241 865 4298 derived
877 4242 913 4298 its
926 4259 1010 4299 name
1023 4244 1095 4298 from
1110 4261 1164 4298 one
1180 4245 1303 4299 Macedo

154 4329 217 4382 who
230 4325 396 4380 committed
408 4327 457 4381 the
469 4325 555 4380 crime
566 4325 598 4378 of
606 4323 745 4396 parricide
758 4325 787 4380 in
800 4325 884 4381 order
892 4335 922 4382 to
931 4326 1035 4382 relieve
1047 4325 1164 4381 himself
1172 4326 1244 4380 frorn
1258 4327 1301 4382 his

152 4409 307 4486 pecuniary
315 4407 490 4480 difficuties5
500 4409 535 4466 cf.
541 4425 569 4484 p.
577 4423 610 4480 41
621 4425 702 4486 supr.¹
715 4409 778 4468 The
787 4419 950 4470 enacment
960 4409 1068 4468 related
1076 4419 1105 4465 to
1114 4427 1151 4465 no
1160 4421 1302 4470 contracte
