3112 5016
176 327 274 393 msa]
447 325 508 382 DE
530 326 778 382 NOXALIBUS
796 325 1063 384 ACTIONIBUS.
1259 316 1322 402 563

175 491 357 556 antedicto
379 493 557 576 praetoris:
580 491 708 576 legibus
722 490 824 556 veluti
842 491 919 555 furti
941 490 1015 573 lege
1034 489 1208 554 duodecim
1227 493 1323 556 tabu·

174 595 289 674 larum,
300 597 414 660 damni
427 598 563 662 iniuriae
572 597 647 680 lege
655 595 810 678 Aquilia:
833 597 942 660 edicto
957 596 1116 677 praetoris
1128 595 1228 660 veluti
1239 596 1322 659 iniu-

174 700 294 762 riarum
313 709 347 764 et
361 701 393 764 vi
408 702 569 765 bonorum
585 710 763 783 raptorum.
809 699 926 765 Omnis
949 710 1062 764 autem
1085 699 1215 764 noxalis
1233 701 1352 766 actio5

173 813 273 885 caput
283 805 438 886 sequitur.
461 825 538 868 nam
549 806 576 868 si
588 824 698 868 servus
708 812 784 867 tuus
796 805 932 867 noxiam
943 803 1151 881 commiserit,
1162 803 1321 884 quamdiu

173 909 206 970 in
223 915 280 970 tua
295 917 462 991 potestate
482 909 533 986 sit,
549 917 658 972 tecum
675 917 726 972 est
740 909 848 972 actio:
872 909 899 971 si
916 909 949 972 in
970 907 1104 972 alterius
1119 917 1321 989 potestatem

173 1013 366 1093 pervenerit,
379 1031 453 1076 cum
470 1013 526 1076 illo
541 1012 655 1095 incipit
672 1013 759 1076 actio
775 1032 855 1090 esse,
864 1021 922 1075 aut
937 1012 964 1074 si
981 1012 1202 1076 manumissus
1217 1011 1322 1090 suerit,

173 1115 298 1178 directo
314 1117 385 1198 ipse
400 1126 532 1181 tenetur
546 1126 581 1181 et
603 1116 809 1200 extinguitur
829 1135 938 1180 noxae
959 1115 1094 1180 deditio.
1132 1137 1176 1178 ex
1191 1115 1321 1180 diverso

172 1237 303 1301 quoque
318 1219 443 1285 directa
463 1221 550 1285 actio
575 1219 705 1284 noxalis
727 1241 799 1284 esse
818 1219 949 1302 incipit:
974 1239 1051 1282 nam
1072 1220 1099 1282 si
1120 1218 1203 1282 liber
1219 1219 1321 1284 homo

172 1323 307 1386 noxiam
321 1325 521 1388 commiserit
533 1333 566 1388 et
582 1327 609 1388 is
620 1343 732 1388 servus
744 1333 819 1388 tuus
835 1344 906 1387 esse
920 1325 1065 1406 coeperit
1076 1321 1180 1409 (quod
1193 1323 1321 1388 casibus

171 1425 369 1508 quibusdam
391 1428 474 1491 effici
500 1429 607 1510 primo
633 1429 718 1491 libro
740 1424 958 1512 tradidimus),
979 1428 1093 1510 incipit
1115 1437 1225 1491 tecum
1249 1449 1321 1492 esse

171 1529 302 1593 noxalis
327 1533 426 1608 actio,
451 1553 538 1614 quae
562 1540 640 1596 ante
667 1533 792 1596 directa
815 1531 942 1599 luisset.
987 1531 1023 1596 Si
1049 1551 1161 1594 servus
1184 1531 1351 1596 dominon

172 1635 307 1698 noxiam
336 1635 543 1714 commiserit,
566 1637 652 1700 actio
675 1635 765 1699 nulla
788 1637 950 1700 nascitur:
982 1656 1125 1717 namque
1152 1637 1237 1699 inter
1260 1637 1319 1699 do-

172 1737 297 1800 minum
314 1747 348 1803 et
364 1757 439 1802 eum
460 1741 517 1822 qui
540 1739 572 1802 in
589 1739 658 1802 eius
679 1749 846 1822 potestate
867 1749 917 1803 est
940 1739 1030 1802 nulla
1050 1739 1210 1822 obligatio
1231 1741 1320 1802 nasci

171 1849 292 1921 potest.
330 1843 470 1925 ideoque
485 1853 519 1908 et
534 1844 561 1907 si
576 1845 609 1906 in
630 1843 772 1908 alienam
793 1852 994 1926 potestatem
1011 1863 1122 1906 servus
1137 1845 1320 1924 pervenerit

170 1954 228 2008 aut
252 1947 471 2010 manumissus
494 1946 600 2025 suerit,
615 1968 721 2030 neque
742 1967 818 2011 cum
841 1948 913 2030 ipso
937 1966 1043 2028 neque
1066 1965 1141 2009 cum
1160 1967 1209 2024 eo,
1229 1947 1319 2010 cuius

171 2067 256 2112 nunc
286 2049 319 2111 in
349 2059 516 2132 potestate
546 2051 598 2128 sit,
624 2051 678 2133 agi
708 2061 828 2133 potest.
877 2051 965 2114 unde
995 2049 1022 2112 si
1052 2049 1178 2113 alienus
1208 2059 1319 2114 servu's

171 2153 307 2216 noxiam
337 2153 397 2216 tibi
424 2153 624 2218 commiserit
649 2164 683 2219 et
709 2155 736 2217 is
766 2164 884 2238 postea
911 2155 944 2216 in
967 2163 1132 2236 potestate
1162 2161 1221 2216 tua
1247 2173 1320 2218 esse

170 2257 322 2338 coeperit,
348 2256 513 2324 intercidit
539 2258 634 2335 actio,
652 2259 731 2341 quia
753 2259 786 2322 in
809 2279 885 2321 eum
908 2278 1021 2322 casum
1044 2258 1187 2321 deducta
1209 2257 1263 2333 sit,
1285 2257 1319 2320 in

169 2377 235 2441 quo
258 2361 436 2426 consistere
462 2381 527 2425 non
552 2363 680 2445 potuit:
709 2361 849 2445 ideoque
872 2361 949 2426 licet
971 2359 1089 2425 exierit
1114 2361 1156 2424 de
1180 2368 1237 2424 tua
1261 2380 1320 2442 po·

169 2471 300 2540 testate,
316 2485 414 2548 agere
429 2485 495 2530 non
511 2475 615 2549 potes,
631 2466 914 2550 quemadmodum
927 2466 953 2529 si
969 2465 1123 2528 dominus
1138 2465 1171 2527 in
1188 2483 1318 2528 servum

168 2587 263 2630 suum
291 2569 415 2654 aliquid
441 2571 651 2649 commiserit,
681 2591 741 2635 nec
772 2571 798 2634 si
829 2570 1050 2634 manumissus
1073 2567 1126 2632 vel
1157 2568 1319 2632 alienatus

168 2669 264 2737 luerit
280 2693 403 2753 servus,
418 2675 517 2738 ullam
540 2675 704 2740 actionem
725 2683 840 2738 contra
857 2673 1029 2737 dominum
1052 2673 1175 2736 habere
1197 2682 1317 2755 potest.

166 2867 239 2922 from
257 2870 361 2924 veluti.
375 2909 382 2925 .
395 2909 403 2925 .
414 2869 521 2925 veluti:
540 2887 558 2925 a
575 2871 659 2925 noxal
678 2869 773 2925 action
792 2885 849 2924 was
867 2868 952 2939 given
970 2885 1046 2941 upon
1070 2869 1263 2941 quasi-delicts
1285 2885 1317 2924 as

167 2952 238 3019 well,
253 2953 357 3023 Dias
373 2967 399 3019 4·
412 2967 438 3008 2·
454 2968 486 3022 1;
505 2967 553 3020 47·.
567 2969 587 3008 1-
605 2967 626 3008 1·
642 2969 678 3022 23
698 2967 740 3020 47·
755 2967 779 3021 7·
793 2967 817 3020 7·
834 2965 858 3022 5·

203 3033 258 3104 55.
279 3038 337 3090 For
354 3037 403 3090 the
420 3037 520 3092 modes
539 3037 567 3090 in
582 3037 674 3091 which
691 3055 709 3092 a
727 3038 786 3092 free
805 3054 872 3092 man
891 3036 975 3092 could
993 3037 1113 3093 become
1134 3055 1152 3092 a
1170 3039 1248 3092 slave
1269 3054 1317 3092 see

168 3117 221 3171 Bk.
235 3118 254 3173 i.
266 3135 291 3188 3.
304 3134 330 3188 4,
344 3120 401 3174 and
413 3130 494 3174 notes
508 3137 582 3190 supr.

203 3199 260 3272 §0-
279 3203 341 3257 The
355 3203 414 3257 first
427 3202 479 3257 lew
492 3202 563 3257 lines
576 3203 608 3256 oi
620 3201 677 3257 this
694 3201 801 3258 section
819 3219 867 3258 are
884 3219 958 3272 open
973 3211 1003 3257 to
1020 3203 1251 3273 misconception.
1291 3205 1316 3258 lt

166 3301 224 3341 was
242 3295 292 3340 not
311 3285 418 3354 merely
430 3286 491 3340 that
510 3302 548 3340 no
567 3285 661 3340 action
675 3286 721 3353 lay
734 3303 810 3355 upon
829 3303 847 3340 a
866 3285 950 3340 delict
970 3285 1136 3340 committed
1155 3287 1222 3354 bya
1239 3287 1316 3340 slave

166 3369 277 3438 against
291 3369 335 3424 his
349 3368 488 3438 dominus,
498 3369 548 3424 but
560 3368 580 3423 it
590 3386 662 3438 gave
674 3368 730 3424 rise
740 3379 770 3422 to
779 3385 817 3422 no
827 3369 982 3438 obligation
993 3370 1316 3424 whatever-doubtless

165 3453 287 3509 because
300 3453 348 3508 the
361 3463 467 3508 master
482 3451 566 3508 could
583 3461 631 3522 get
649 3451 709 3506 him
727 3451 867 3521 punished
883 3451 921 3520 by
935 3468 971 3506 an
990 3453 1093 3522 appeal
1111 3463 1141 3507 to
1159 3454 1207 3508 the
1226 3453 1316 3508 extrai

164 3537 307 3592 ordinaria
319 3535 444 3608 cognitio
456 3536 489 3590 oi
497 3537 544 3592 the
556 3546 678 3606 praetor,
691 3552 723 3590 or
741 3553 813 3590 even
829 3534 917 3590 inflict
933 3537 982 3590 the
999 3537 1114 3606 penalty
1131 3537 1159 3590 in
1176 3554 1278 3608 person
1296 3536 1320 3591 if

163 3621 212 3676 the
225 3621 334 3676 offence
347 3637 419 3676 were
432 3637 450 3676 a
462 3619 533 3688 light
546 3637 607 3676 one.
647 3621 709 3674 Nor
722 3618 745 3674 is
759 3619 780 3674 it
794 3629 854 3674 true
867 3620 928 3674 that
942 3618 1031 3674 ‘inter
1046 3619 1192 3674 dominum
1208 3631 1236 3676 et
1249 3637 1315 3675 eum

164 3704 211 3776 qui
230 3704 258 3759 in
277 3714 418 3775 potestate
435 3704 495 3760 eius
514 3715 558 3760 est
576 3705 654 3760 nulla
671 3702 806 3773 obligatio
824 3703 903 3758 nasci
922 3705 1043 3773 potest?
1063 3703 1191 3759 between
1208 3715 1315 3759 master

164 3788 221 3843 and
233 3789 319 3858 slave,
332 3799 413 3858 pater
424 3787 481 3842 and
495 3788 701 3856 filiusfamilias,
711 3788 790 3842 there
803 3787 887 3842 could
900 3788 936 3842 be
949 3786 1086 3843 naturalis
1098 3787 1149 3844 but
1161 3797 1211 3844 not
1225 3787 1314 3844 civilis

163 3870 307 3940 obligatio,
320 3871 375 3926 Tit.
389 3885 414 3938 7.
428 3886 444 3940 3
456 3889 540 3942 supr,
556 3872 622 3941 Dig.
639 3887 679 3927 12.
691 3872 717 3926 6.
730 3871 766 3938 64
778 3891 785 3936 ;
803 3885 846 3937 44.
860 3885 883 3938 7.
902 3885 942 3937 14.

198 3955 260 4008 The
283 3953 446 4009 Proculians
464 3956 522 4010 had
540 3955 717 4011 maintained
739 3956 801 4010 that
823 3955 872 4009 the
894 3954 989 4010 action
1010 3954 1055 4009 ior
1074 3955 1124 4010 the
1146 3953 1230 4010 delict
1249 3957 1283 4010 oi
1296 3975 1314 4012 a

163 4037 241 4094 slave
253 4055 311 4092 was
323 4047 373 4093 not
386 4037 584 4108 extinguished
596 4039 634 4107 by
647 4039 691 4092 his
705 4038 818 4107 coming
831 4037 921 4092 under
933 4037 982 4092 the
994 4053 1089 4107 power
1100 4037 1133 4092 of
1142 4039 1190 4092 the
1203 4037 1313 4106 injured

162 4137 274 4190 person,
286 4121 337 4174 but
356 4122 424 4190 only
441 4121 612 4190 suspended,
632 4121 712 4176 ‘cum
731 4137 798 4175 vero
817 4119 914 4176 exierit
935 4120 970 4175 de
989 4137 1055 4175 mea
1075 4128 1225 4191 potestate,
1245 4131 1313 4178 tunc

161 4221 225 4259 eam
238 4203 413 4259 resuscitari'
426 4204 515 4259 Gaius
528 4203 564 4259 iv.
578 4205 621 4271 78.

197 4289 255 4342 For
267 4285 454 4357 applications
471 4286 503 4340 oi
516 4287 565 4342 the
579 4287 639 4341 rule
656 4285 746 4356 ‘quae
764 4284 793 4340 in
812 4301 876 4339 eam
895 4301 1010 4340 causam
1026 4295 1212 4356 pervenerunt
1225 4301 1243 4339 a
1256 4301 1313 4356 qua

160 4369 285 4441 incipere
302 4387 360 4425 non
379 4379 509 4441 poterant
527 4385 579 4441 pro
597 4385 654 4424 non
676 4367 788 4438 scriptis
809 4367 964 4423 habentur’
981 4369 1018 4423 cf.
1030 4369 1082 4423 Bk.
1097 4367 1123 4424 ii.
1138 4383 1180 4423 20.
1197 4383 1249 4438 14,
1272 4367 1312 4425 iii.

113 4453 115 4457 ’
163 4468 330 4528 ioasupr,
343 4455 400 4511 and
414 4453 479 4526 Dig.
495 4465 517 4526 5
535 4467 558 4511 1.
573 4468 626 4522 115
645 4454 670 4510 8.
686 4467 709 4508 1.
725 4467 753 4506 11
769 4470 778 4521 ;
796 4465 822 4522 9.
835 4467 861 4508 2.
877 4453 930 4520 16,
948 4467 991 4524 34.
1004 4454 1029 4510 8.
1043 4466 1068 4524 3.
1082 4467 1107 4508 2.

697 4553 792 4610 002
