3176 5022
204 318 255 370 Tit.
267 313 304 379 9.]
444 313 505 366 DE
525 313 738 369 BONORVM
754 313 1121 377 POSSESSIONIBUS.
1288 311 1353 400 365

204 499 345 561 quoque,
361 479 417 562 qui
437 487 525 544 recte
546 479 634 546 iacto
656 489 857 547 testamento
874 481 1012 548 heredes
1033 484 1173 550 instituti
1194 497 1278 566 sunt,
1294 489 1354 554 dat

204 583 387 650 secundum
409 584 540 649 tabulas
561 585 723 648 bonorum
743 587 1006 668 possessionem:
1029 589 1109 652 item
1130 591 1174 653 ab
1194 591 1353 656 intestato

205 707 282 752 suos
308 686 445 751 heredes
472 697 506 752 et
532 689 695 771 adgnatos
720 691 763 752 ad
787 689 945 754 bonorum
972 693 1213 773 possessionem
1236 704 1353 758 uocat:

206 790 264 854 sed
281 799 315 854 et
337 799 465 854 remota
484 811 615 875 quoque
638 792 800 856 bonorum
824 794 1029 874 possessione
1050 797 1093 858 ad
1114 816 1170 861 eos
1188 796 1354 862 hereditas

204 895 349 980 pertinet
379 895 447 959 iure
478 895 573 960 civili.
633 895 727 978 Quos
756 903 869 958 autem
904 906 1037 980 praetor
1066 898 1155 964 solus
1184 911 1282 964 vocat
1310 901 1385 964 ad2

204 997 435 1078 hereditatem,
449 999 587 1064 heredes
602 1000 737 1083 quidem
755 1001 827 1082 ipso
843 1001 912 1064 iure
927 1021 993 1065 non
1014 1001 1098 1066 fiunt
1113 999 1204 1087 (nam
1223 1013 1356 1086 praetor

206 1101 364 1168 heredem
394 1103 502 1167 facere
531 1123 598 1166 non
631 1113 762 1186 potest:
796 1123 856 1186 per
886 1103 995 1186 legem
1025 1106 1112 1168 enim
1143 1115 1273 1170 tantum
1302 1106 1355 1171 vel

206 1208 347 1272 similem
364 1208 441 1271 iuris
462 1209 729 1272 constitutionem
748 1207 887 1272 heredes
907 1209 1000 1288 liunt,
1019 1210 1120 1274 veluti
1143 1231 1203 1293 per
1221 1219 1356 1274 senatus

206 1312 394 1378 consultum
410 1321 444 1378 et
463 1312 714 1378 constitutiones
734 1309 962 1398 principales):
986 1315 1045 1378 sed
1066 1335 1141 1378 cum
1164 1314 1210 1379 eis
1224 1325 1357 1398 praetor

206 1416 267 1484 dat
296 1416 459 1482 bonorum
485 1417 736 1502 possessionem,
760 1417 834 1482 loco
859 1417 1020 1482 heredum
1050 1419 1294 1483 constituuntur
1322 1429 1358 1484 et

206 1529 367 1584 vocantur
393 1521 555 1584 bonorum
579 1539 795 1602 possessores.
833 1521 940 1585 adhuc
962 1531 1074 1584 autem
1102 1530 1135 1586 et
1159 1520 1241 1585 alios
1267 1542 1357 1586 com-

206 1622 318 1708 plures
333 1625 454 1708 gradus
469 1633 601 1708 praetor
619 1624 697 1688 fecit
718 1625 750 1688 in
771 1625 933 1688 bonorum
952 1624 1212 1707 possessionibus
1228 1625 1357 1702 dandis,

207 1730 289 1792 dum
319 1731 352 1794 id
382 1731 512 1813 agebat,
544 1751 586 1794 ne
626 1731 700 1813 quis
735 1732 805 1794 sine
838 1750 1024 1794 successore
1060 1729 1238 1794 moriatur:
1278 1749 1357 1793 nam

207 1835 449 1915 angustissimis
473 1834 592 1899 finibus
617 1836 832 1899 constitutum
853 1856 911 1918 per
933 1834 1042 1916 legem
1066 1833 1239 1898 duodecim
1262 1834 1358 1897 tabu-

207 1936 314 2002 larum
340 1939 390 2002 ius
417 1939 702 2023 percipiendarum
728 1939 950 2002 hereditatum
977 1947 1109 2020 praetor
1135 1957 1178 2000 ex
1208 1937 1296 2000 bono
1324 1947 1358 2002 et

208 2063 316 2126 aequo
339 2043 500 2108 dilatavit.
546 2043 633 2109 Sunt
655 2053 768 2108 autem
789 2043 952 2106 bonorum
975 2043 1200 2124 possessiones
1224 2063 1268 2104 ex
1291 2051 1389 2109 tes-3

206 2155 357 2212 tamento
383 2148 518 2230 quidem
544 2147 616 2214 hae.
657 2148 771 2230 prima,
798 2169 884 2230 quae
910 2147 1094 2231 praeteritis
1121 2145 1232 2209 liberis
1258 2145 1357 2208 datur

207 2260 408 2334 vocaturque
443 2261 558 2316 contra
595 2252 734 2316 tabulas.
787 2251 940 2330 secunda,
971 2270 1071 2332 quam
1101 2248 1254 2314 omnibus
1288 2249 1359 2312 iure

208 2355 338 2438 scriptis
352 2354 527 2420 heredibus
539 2365 671 2440 praetor
682 2355 855 2438 pollicetur
869 2355 1009 2436 ideoque
1024 2361 1161 2418 vocatur
1175 2352 1359 2415 secundum

208 2459 351 2523 tabulas.
385 2469 510 2524 etcum
527 2460 569 2524 de
584 2460 791 2524 testamentis
806 2459 895 2542 prius
911 2458 1039 2521 locutus
1051 2465 1112 2533 est,
1124 2455 1167 2519 ad
1184 2455 1360 2519 intestatos

209 2565 386 2628 transitum
408 2564 493 2654 fecit.
532 2573 566 2629 et
589 2565 695 2648 primo
718 2563 791 2628 loco
813 2561 880 2626 suis
901 2561 1081 2626 heredibus
1100 2569 1135 2624 et
1157 2559 1217 2635 his,
1239 2559 1360 2642 quiex

211 2669 321 2732 edicto
347 2671 506 2754 praetoris
536 2669 603 2734 suis
633 2677 919 2742 connumerantur,
950 2665 1010 2730 dat
1040 2667 1202 2730 bonorum
1232 2684 1362 2748 posses-

209 2772 337 2838 sionem
353 2794 439 2856 quae
452 2783 586 2838 vocatur
601 2775 689 2836 unde
704 2772 814 2836 liberi:
839 2772 984 2836 secundo
996 2769 1152 2853 legitimis
1164 2767 1361 2832 heredibusi

210 2875 309 2940 tertio
325 2876 440 2941 decem
456 2877 612 2961 personis,
628 2898 711 2960 quas
726 2886 886 2940 extraneo
906 2871 1133 2940 manumissori
1154 2871 1362 2957 praelerebat

211 2977 302 3066 (sunt
317 2989 429 3045 autem
445 2983 560 3046 decern
576 3002 735 3066 personae
749 2981 833 3046 hae:
860 2989 955 3064 pater
970 2989 1085 3054 mater,
1101 2998 1182 3041 avus
1196 2976 1270 3040 avia
1290 2985 1361 3039 tam

248 3188 305 3261 §3-
325 3191 387 3246 The
407 3189 546 3262 principal
567 3207 648 3244 cases
668 3189 701 3243 of
718 3189 857 3243 bonorum
877 3185 1021 3256 possessio
1043 3193 1142 3238 contra
1159 3184 1271 3238 tabulas
1288 3183 1363 3239 have

211 3273 285 3330 been
298 3275 413 3344 already
425 3273 542 3345 pointed
555 3283 603 3328 out
616 3290 654 3328 on
667 3272 718 3327 Bk.
734 3270 760 3326 ii.
778 3286 818 3339 13.
830 3285 847 3338 3
860 3287 936 3339 supr.
974 3266 1140 3322 Possession
1158 3267 1191 3320 of
1199 3267 1289 3336 goods
1305 3283 1363 3322 was

212 3358 344 3414 awarded
357 3376 394 3412 on
407 3357 547 3426 intestacy
556 3367 586 3412 to
599 3356 677 3426 eight
690 3355 819 3410 different
829 3353 935 3408 classes
946 3351 978 3406 oi
986 3367 1113 3420 persons,
1124 3349 1152 3404 in
1162 3350 1211 3404 the
1220 3348 1363 3418 following

212 3442 296 3496 order
308 3441 341 3496 of
349 3440 473 3512 priority,
484 3441 554 3496 each
566 3439 652 3508 being
665 3439 768 3493 known
780 3437 818 3508 by
831 3453 849 3492 a
861 3434 1001 3491 technical
1015 3450 1099 3490 name
1112 3431 1229 3488 derived
1240 3432 1314 3488 from
1326 3431 1363 3488 its

213 3525 295 3598 place
308 3524 336 3580 in
350 3527 398 3580 the
411 3524 505 3580 edict:

250 3608 289 3678 (1)
311 3607 403 3664 Liberi
418 3627 424 3664 ε
444 3625 492 3663 see
504 3623 542 3662 on
555 3606 609 3661 Tit
627 3620 649 3660 1.
662 3620 681 3675 9
693 3623 768 3675 supr.

250 3693 290 3763 (2)
311 3691 442 3762 Legitimi
457 3693 470 3746 :'
483 3708 531 3746 see
544 3707 581 3744 on
595 3690 651 3744 Tit.
668 3706 692 3744 2.
705 3705 722 3756 4
740 3703 815 3759 supr.
854 3689 887 3742 ln
907 3684 1071 3741 succession
1090 3681 1294 3750 toireedmen,
1306 3680 1364 3740 this

213 3776 287 3831 class
307 3774 450 3830 consisted
469 3772 616 3842 originally
629 3773 696 3841 only
708 3773 741 3827 oi
754 3773 803 3828 the
821 3780 931 3843 patron,
950 3769 995 3824 his
1014 3767 1141 3824 children
1160 3767 1223 3821 who
1240 3765 1298 3820 had
1314 3773 1365 3822 not
1383 3759 1389 3770 '

213 3859 287 3914 been
300 3859 393 3929 capite
405 3857 514 3926 minuti,
528 3857 585 3912 and
599 3857 647 3913 the
660 3867 808 3926 patroness
821 3875 827 3910 :
847 3855 910 3908 how
926 3852 947 3907 it
961 3870 1018 3907 was
1031 3851 1167 3906 modified
1180 3851 1219 3918 by
1232 3849 1280 3904 the
1294 3849 1364 3904 SC⁸.

213 3942 418 3998 Tertullianum
431 3942 489 3998 and
503 3940 673 3997 Orfitianum
685 3941 737 3994 has
750 3941 822 3994 been
835 3936 950 3992 noticed
963 3953 1000 3989 on
1013 3934 1083 3989 Tits
1098 3949 1114 4002 3
1127 3933 1185 3989 and
1196 3947 1214 3999 4
1226 3948 1303 4002 supr.

250 4025 290 4095 (3)
310 4028 421 4081 Decem
433 4041 573 4096 personae
587 4043 593 4080 :
613 4023 670 4080 this
683 4025 756 4078 class
769 4023 871 4077 relates
881 4020 948 4088 only
957 4029 987 4074 to
998 4017 1160 4073 succession
1173 4027 1204 4071 to
1216 4031 1253 4070 an
1266 4029 1364 4070 eman·

214 4109 324 4180 cipatus
338 4131 346 4178 ;
364 4111 455 4166 under
465 4109 515 4165 the
528 4109 575 4166 old
590 4110 651 4176 law,
665 4108 746 4160 when
759 4107 807 4161 the
817 4105 884 4158 final
897 4113 943 4158 act
961 4103 993 4156 oi
1007 4099 1213 4156 manumission
1233 4115 1289 4152 was
1302 4113 1365 4166 per-

213 4192 325 4248 formed
336 4195 376 4264 by
388 4193 436 4250 the
449 4203 617 4249 extraneous
634 4190 742 4246 vendee
756 4189 792 4259 (p.
811 4201 857 4256 137
872 4185 968 4256 supra)
982 4186 1031 4241 the
1040 4186 1123 4240 latter
1136 4199 1192 4237 was
1205 4179 1366 4252 postponed

214 4277 321 4346 hythe
345 4287 459 4348 praetor
480 4287 510 4332 to
529 4277 567 4331 all
589 4275 637 4330 the
659 4271 821 4328 deceased's
846 4279 982 4339 cognatos
1007 4267 1036 4322 in
1061 4269 1109 4323 the
1130 4263 1287 4334 ascending
1307 4262 1366 4322 and

215 4359 392 4429 descending
404 4359 476 4414 lines
489 4358 586 4413 within
599 4359 647 4413 the
660 4355 767 4412 second
780 4355 891 4424 degree.

252 4443 291 4518 (4)
311 4444 374 4501 The
387 4452 523 4515 cognates
536 4440 689 4512 according
700 4449 730 4498 to
742 4435 902 4514 proximity,
915 4434 972 4492 Tit.
986 4445 1000 4508 5
1014 4450 1089 4508 supr.
