3176 5022
237 282 301 358 352
441 273 793 332 INSTITUTIONUM
810 270 930 327 LIBRI
948 270 1184 342 QUATTUOR.
1270 271 1390 338 [Lolli.-

208 444 332 508 8cuius
362 441 422 506 iuri
446 441 600 520 ¹subiecta
629 447 689 504 est
749 437 981 503 Praeferuntur
1012 445 1125 502 autem
1161 437 1259 502 matri
1294 439 1387 503 liberi

239 546 395 624 defuncti,
417 545 473 628 qui
496 545 546 610 sui
569 551 645 606 sunt
669 542 767 626 quive
790 563 924 607 suorum
946 541 1028 620 loco,
1052 541 1122 606 sive
1144 541 1242 625 primi
1265 544 1387 625 gradus

237 651 307 714 sive
336 649 508 713 ulterioris.
555 647 614 711 sed
645 655 679 710 et
714 644 801 710 filiae
833 666 913 710 suae
944 655 1094 708 mortuae
1122 643 1209 709 filius
1237 645 1291 710 vel
1320 645 1387 710 filia

238 753 418 836 opponitur
439 773 484 815 ex
505 749 795 815 constitutionibus
826 749 922 813 matri
948 748 1131 827 defunctae,
1155 749 1189 813 id
1216 757 1268 812 est
1293 750 1387 815 aviae

239 877 328 922 suae.
366 864 462 939 pater
483 873 614 938 quoque
637 853 816 935 utriusque,
843 873 909 916 non
934 853 1034 917 etiarn
1060 873 1141 917 avus
1166 852 1219 916 vel
1246 873 1385 936 proavus

238 961 335 1026 matri
358 959 576 1042 anteponitur,
597 957 721 1023 scilicet
743 977 819 1022 cum
841 958 926 1022 inter
948 978 1005 1022 eos
1028 957 1117 1020 solos
1139 958 1182 1021 de
1203 957 1386 1022 hereditate

238 1066 357 1148 agitur.
410 1063 512 1128 frater
539 1072 652 1127 autem
681 1063 944 1145 consanguineus
976 1071 1046 1125 tarn
1078 1061 1137 1125 filii
1166 1081 1267 1144 quarn
1300 1063 1385 1126 filiae

239 1167 440 1233 excludebat
464 1175 625 1230 matrem:
649 1187 741 1230 soror
762 1176 875 1230 autem
898 1166 1142 1248 consanguinea
1167 1167 1290 1248 pariter
1311 1187 1384 1230 cum

238 1283 345 1336 matre
360 1271 617 1335 admittebatur:
641 1270 700 1333 sed
716 1270 744 1334 si
759 1269 866 1335 fuerat
881 1269 981 1334 frater
995 1278 1030 1332 et
1047 1289 1139 1334 soror
1153 1270 1384 1354 consanguinei
1566 1289 1567 1334 i

239 1384 273 1439 et
295 1384 401 1438 mater
422 1373 533 1437 liberis
550 1371 720 1446 honorata,
742 1372 844 1437 frater
863 1373 998 1454 quidem
1016 1381 1156 1436 matrem
1177 1373 1385 1450 excludebat,

238 1478 423 1543 communis
448 1486 562 1541 autem
585 1486 655 1541 erat
677 1476 843 1542 hereditas
866 1499 910 1541 ex
932 1477 1045 1560 aequis
1068 1477 1216 1560 partibus
1238 1476 1330 1542 fratri
1352 1488 1386 1542 et

207 1584 351 1648 4sorori.
396 1582 464 1648 Sed
479 1602 541 1645 nos
555 1581 799 1662 constitutione,
815 1603 915 1665 quarn
934 1583 968 1645 in
988 1581 1100 1646 codice
1120 1591 1233 1646 nostro
1253 1583 1385 1646 nomine

237 1687 394 1752 decorato
415 1687 593 1770 posuimus
618 1687 715 1750 matri
737 1687 997 1751 subveniendum
1020 1707 1092 1750 esse
1113 1686 1384 1764 existimavimus,
1566 1709 1567 1776 y

238 1793 450 1876 respicientes
465 1793 508 1856 ad
524 1801 676 1855 naturam
696 1799 730 1856 et
751 1791 961 1875 puerperium
984 1799 1018 1854 et
1038 1790 1219 1874 periculum
1235 1801 1268 1855 et
1287 1811 1385 1875 saepe
1566 1783 1567 1864 l

237 1908 380 1962 mortem
396 1918 440 1961 ex
455 1895 518 1960 hoc
538 1917 615 1961 casu
640 1897 799 1961 matribus
817 1895 955 1961 illatam.
993 1895 1134 1978 ideoque
1153 1895 1292 1978 impium
1315 1915 1386 1959 esse

238 2003 437 2068 credidimus
463 2021 575 2066 casum
604 1999 774 2066 fortuitum
806 2001 839 2064 in
870 2003 939 2064 eius
968 2000 1101 2072 admitti
1130 1999 1385 2065 detrimentum:
1566 2019 1567 2098 y

238 2107 368 2170 sienim
385 2107 527 2188 ingenua
541 2113 593 2168 ter
606 2104 658 2168 vel
677 2099 830 2169 libertina
847 2114 965 2188 quater
979 2125 1045 2169 non
1064 2103 1203 2186 peperit,
1220 2103 1386 2168 immerito

237 2211 495 2276 defraudabatur
512 2207 717 2273 successione
738 2230 871 2274 suorum
891 2209 1088 2274 liberorum:
1112 2207 1192 2290 quid
1208 2207 1296 2271 enim
1311 2229 1385 2291 pec·

238 2316 334 2392 cavit,
360 2315 387 2379 si
414 2334 480 2378 non
506 2312 624 2395 plures,
651 2312 708 2376 sed
736 2334 859 2395 paucos
885 2309 1070 2395 pepererit?
1098 2321 1133 2376 et
1158 2310 1311 2374 dedimus
1337 2311 1386 2374 ius
1566 2313 1567 2334 *

237 2419 424 2502 legitimum
443 2417 577 2500 plenum
602 2417 761 2481 matribus
783 2418 853 2482 sive
873 2417 1023 2500 ingenuis
1043 2415 1112 2480 sive
1132 2414 1303 2492 libertinis,
1325 2415 1386 2479 etsi

238 2543 304 2586 non
328 2531 379 2587 ter
400 2521 520 2584 enixae
543 2519 663 2584 fuerint
684 2519 737 2583 vel
759 2529 884 2603 quater,
900 2521 959 2584 sed
981 2541 1056 2584 eum
1078 2527 1211 2584 tantum
1231 2517 1284 2582 vel
1302 2538 1385 2594 eam,

238 2627 296 2710 qui
316 2645 442 2708 quaeve
466 2631 571 2688 morte
593 2624 766 2706 intercepti
788 2633 872 2702 sunt,
888 2634 926 2690 ut
948 2632 982 2688 et
1004 2624 1050 2688 sic
1068 2631 1228 2687 vocentur
1249 2623 1283 2686 in
1304 2622 1386 2685 libe-

207 2739 350 2794 5rorum
380 2747 513 2792 suorum
543 2726 728 2810 legitimam
761 2729 1011 2794 successionem.
1071 2725 1140 2792 Sed
1177 2746 1253 2790 cum
1288 2735 1386 2790 antea

237 2831 490 2896 constitutiones
523 2830 593 2894 iura
629 2829 780 2913 legitima
812 2839 1055 2914 perscrutantes
1090 2830 1212 2913 partim
1246 2837 1386 2893 matrem

236 2935 451 3010 adiuvabant,
482 2935 602 3017 partim
632 2954 707 2998 earn
737 2936 998 3020 praegravabant
1027 2944 1062 3000 et
1088 2954 1155 2998 non
1184 2934 1218 2997 in
1244 2933 1386 2998 solidum

237 3060 312 3104 eam
334 3039 507 3117 vocabant,
530 3037 589 3102 sed
614 3039 647 3101 in
670 3039 869 3122 quibusdam
892 3039 1023 3103 casibus
1048 3039 1181 3102 tertiam
1203 3047 1333 3119 partem
1355 3035 1386 3100 ei

226 3303 353 3360 entitled
372 3321 403 3360 as
416 3321 519 3375 pareus
531 3304 721 3360 manumissor
733 3321 765 3359 or
777 3321 809 3360 as
825 3303 964 3359 bonorum
979 3319 1129 3374 possessor
1141 3319 1205 3358 cum
1218 3317 1258 3371 re,
1269 3299 1386 3372 Ulpian,
1566 3367 1567 3388 Χ

235 3405 265 3444 re
286 3429 292 3442 .
308 3387 351 3443 26.
363 3389 388 3444 8.
682 3395 683 3398 ’
1566 3399 1567 3444 l

266 3405 333 3526 gThe
345 3471 489 3540 following
503 3471 628 3542 changes
640 3488 713 3527 were
729 3471 814 3526 made
827 3469 856 3525 in
871 3471 920 3525 the
936 3470 1070 3526 mothet’s
1088 3468 1178 3539 rights
1195 3467 1223 3523 in
1236 3469 1285 3524 the
1302 3467 1385 3524 inter·
1566 3445 1567 3538 l

235 3553 359 3608 mediate
371 3553 471 3628 period
480 3553 576 3609 before
585 3553 748 3624 Justinian's
761 3571 824 3608 own
835 3553 995 3608 settlement
1008 3553 1041 3606 of
1049 3553 1098 3607 the
1111 3553 1172 3608 law.
1199 3551 1386 3607 Constantine
1566 3581 1567 3618 ,

235 3635 356 3692 enacted
375 3638 437 3691 that
458 3653 475 3691 a
494 3637 606 3691 mother
625 3637 692 3691 with
711 3636 754 3692 ius
773 3636 925 3691 liberorum
943 3635 1046 3691 should
1064 3645 1115 3691 not
1135 3635 1202 3704 only
1219 3633 1316 3690 divide
1337 3635 1386 3689 the
1566 3623 1567 3630 ἵ

196 3778 200 3784 ,
235 3718 398 3775 succession
411 3719 478 3774 with
493 3719 541 3774 the
554 3736 634 3774 soror
649 3718 861 3789 consanguinea
876 3719 910 3774 of
918 3720 966 3775 the
979 3718 1128 3788 deceased,
1142 3719 1192 3774 but
1209 3716 1312 3772 should
1325 3718 1386 3773 also

234 3803 294 3858 lose
307 3821 325 3858 a
338 3801 413 3858 third
432 3802 464 3857 of
473 3801 494 3857 it
513 3801 541 3856 in
558 3802 657 3857 favour
671 3803 703 3858 of
711 3802 756 3858 his
774 3820 807 3858 or
824 3803 876 3858 her
890 3803 1004 3874 agnatic
1019 3803 1102 3857 uncle
1116 3801 1254 3872 (patruus)
1268 3801 1326 3856 and
1341 3799 1385 3856 his

235 3886 310 3943 issue
322 3896 352 3942 to
365 3886 414 3942 the
427 3887 534 3942 second
546 3885 658 3956 degree,
670 3885 850 3958 irrespective
863 3887 896 3940 of
904 3886 1005 3957 capitis
1018 3885 1182 3941 deminutio.
1221 3886 1269 3939 He
1278 3885 1386 3940 further

235 3970 383 4026 conferred
397 3987 434 4025 on
447 3971 572 4025 mothers
585 3969 702 4026 without
719 3971 767 4026 the
786 3969 829 4025 ius
842 3970 994 4025 liberorum
1006 3987 1024 4025 a
1036 3967 1111 4040 right
1129 3967 1163 4023 of
1174 3967 1340 4023 succession
1355 3977 1386 4022 to

235 4073 253 4111 a
270 4053 347 4110 third
359 4055 392 4108 of
401 4072 419 4110 a
431 4052 571 4110 deceased
589 4052 688 4108 child’s
707 4063 847 4125 property,
860 4053 909 4108 the
927 4052 1039 4108 residue
1052 4052 1139 4122 going
1157 4061 1188 4106 to
1205 4053 1255 4107 the
1273 4060 1385 4106 nearest

234 4149 338 4208 agnata
357 4155 390 4194 or
407 4147 545 4209 agnates3
569 4136 626 4192 this
645 4135 720 4193 third
738 4155 796 4192 was
815 4136 938 4192 doubled
956 4137 995 4205 by
1010 4133 1189 4191 Theodosius
1208 4133 1267 4189 and
1283 4133 1385 4188 Valen-

235 4223 333 4293 tinian,
349 4225 412 4278 who
430 4225 491 4278 also
509 4239 581 4293 gave
599 4239 618 4278 a
635 4221 711 4277 third
730 4231 760 4277 to
778 4223 826 4276 the
845 4219 1008 4275 deceased¹s
1028 4217 1228 4288 emancipated
1245 4217 1385 4284 brotherS,

234 4308 329 4362 whom
341 4305 501 4377 previously
513 4307 562 4361 the
574 4307 686 4360 mother
698 4303 756 4360 had
769 4305 926 4374 altogether
936 4301 1083 4358 excluded.
1262 4305 1263 4310 ’

273 4387 305 4462 ξς
318 4393 348 4462 4,
362 4393 390 4446 ὅ.
408 4388 550 4461 Justinian
568 4387 717 4448 abolished
729 4388 778 4446 the
796 4387 841 4446 ius
858 4386 1018 4458 liberorum,
1031 4385 1117 4457 along
1128 4381 1195 4440 with
1214 4383 1263 4441 the
1281 4381 1386 4439 deduc·
