3176 5022
212 327 260 374 ut.
275 319 325 385 κα]
649 317 710 373 DE
730 311 842 372 LEGA
850 316 923 374 TIS.
1296 327 1359 396 293

210 493 369 559 inutiliter
388 493 561 577 legabatur
581 501 614 556 et
631 492 841 557 adimebatur
854 492 907 556 vel
922 491 1188 558 transferebatur.
1234 514 1359 576 poenae

210 607 322 662 autem
349 599 482 661 nomine
508 597 608 680 legari
635 597 773 674 videtur,
797 597 887 678 quod
911 597 1082 661 coercendi
1107 595 1236 661 heredis
1259 619 1357 662 causa

211 701 409 784 relinquitur,
424 722 489 783 quo
506 701 612 783 magis
633 701 660 762 is
678 700 801 782 aliquid
825 699 924 764 faciat
947 709 1005 764 aut
1028 720 1096 764 non
1114 700 1236 766 iaciat:
1258 703 1359 781 velut,

210 807 237 868 si
259 807 332 887 quis
356 806 403 869 ita
429 804 615 886 scripserit:
640 801 752 867 ‘heres
779 824 872 867 meus
896 805 922 867 si
946 803 1048 868 filiam
1073 824 1167 867 suam
1190 806 1223 868 in
1248 807 1360 870 matri·

211 911 357 972 monium
378 909 469 973 Titio
492 905 719 972 collocaverit'
745 905 811 992 (vel
837 928 881 971 ex
908 909 1038 972 diverso
1065 910 1110 972 ‘si
1134 930 1199 972 non
1220 909 1359 975 colloca·

209 1011 324 1099 verit),’
339 1014 441 1078 ‘dato
464 1015 580 1077 decem
603 1033 720 1078 aureos
742 1009 840 1091 Sei0,'
858 1022 916 1076 aut
939 1015 965 1076 si
989 1015 1035 1078 ita
1057 1013 1222 1097 scripserit
1244 1016 1360 1080 ‘heres

211 1137 303 1181 meus
326 1117 352 1180 si
371 1138 501 1181 servum
519 1116 671 1181 Stichum
693 1113 904 1180 alienaverit’
920 1114 986 1202 (vel
1010 1139 1054 1182 ex
1073 1119 1201 1181 diverso
1224 1119 1269 1184 ‘si
1293 1139 1358 1182 non

209 1218 432 1306 alienaverit),'
455 1221 566 1285 ‘Titio
590 1222 706 1284 decem
729 1240 846 1284 aureos
869 1219 967 1285 dat0.'
1011 1231 1045 1286 et
1068 1222 1100 1284 in
1124 1230 1254 1286 tantum
1277 1223 1358 1286 haec

210 1325 321 1407 regula
337 1325 581 1402 observabatur,
599 1336 637 1389 ut
650 1345 810 1408 perquam
826 1324 974 1407 pluribus
990 1326 1223 1408 principalibus
1238 1329 1359 1392 consti·

208 1431 390 1494 tutionibus
411 1430 613 1514 significetur
632 1451 691 1494 nec
710 1431 890 1512 principem
911 1431 1045 1513 quidem
1066 1449 1251 1514 agnoscere,
1268 1434 1358 1515 quod

209 1535 238 1596 ei
254 1555 381 1618 poenae
398 1537 532 1598 nomine
550 1535 696 1618 legatum
714 1536 766 1598 sit.
812 1555 871 1598 nec
894 1557 938 1599 ex
963 1535 1076 1600 militis
1099 1537 1234 1618 quidem
1257 1546 1358 1600 testa·

210 1648 322 1702 mento
338 1638 417 1702 talia
433 1639 543 1721 legata
557 1639 725 1714 valebant,
740 1639 892 1721 quamvis
911 1638 995 1702 aliae
1011 1638 1153 1720 militum
1168 1640 1357 1705 voluntates

208 1743 242 1805 in
264 1743 454 1807 ordinandis
472 1743 681 1807 testamentis
698 1741 795 1806 valde
813 1742 1039 1808 observantur.
1083 1745 1163 1826 quin
1178 1745 1279 1808 etiam
1295 1763 1356 1808 nec

208 1845 395 1911 libertatem
422 1866 550 1928 poenae
573 1846 704 1910 nomine
727 1847 799 1908 dari
821 1867 919 1928 posse
942 1845 1106 1929 placebat.
1150 1867 1190 1910 eo
1216 1846 1357 1930 amplius

208 1971 268 2014 nec
287 1951 448 2015 heredem
468 1971 596 2033 poenae
612 1951 744 2014 nomine
759 1951 845 2014 adici
860 1971 956 2032 posse
972 1950 1115 2016 Sabinus
1132 1951 1356 2028 existimabat,
1414 1947 1421 1960 '

207 2053 308 2119 veluti
332 2055 358 2119 si
381 2055 454 2138 quis
477 2056 523 2119 ita
540 2056 651 2119 dicat:
676 2053 803 2118 ‘Titius
825 2054 920 2118 heres
947 2066 1041 2120 esto:
1072 2056 1099 2118 si
1122 2055 1231 2118 Titius
1254 2054 1356 2118 filiam

207 2179 301 2222 suam
326 2157 404 2224 Seio
422 2161 455 2222 in
480 2160 725 2224 matrimonium
749 2158 966 2238 collocaverit,
990 2159 1086 2224 Seius
1106 2181 1241 2243 quoque
1263 2157 1357 2223 heres

207 2273 278 2327 esto
290 2263 313 2324 τ’
328 2263 409 2326 nihil
425 2264 511 2326 enim
529 2263 692 2342 intererat,
701 2285 767 2347 qua
780 2265 907 2328 ratione
918 2263 1025 2327 Titius
1037 2275 1233 2340 coerceatur,
1246 2273 1356 2327 utrum

208 2366 307 2449 legati
324 2367 458 2430 datione
476 2388 518 2430 an
537 2367 707 2432 coheredis
728 2368 923 2432 adiectione.
967 2377 1003 2432 at
1018 2368 1206 2431 huiusmodi
1222 2387 1356 2450 scrupu-

207 2471 320 2535 lositas
343 2473 437 2535 nobis
461 2493 526 2535 non
549 2472 674 2555 placuit
697 2482 730 2537 et
751 2473 950 2556 generaliter
966 2493 1003 2536 ea
1019 2494 1104 2556 quae
1121 2473 1355 2556 relinquuntur,

207 2575 282 2639 licet
304 2595 433 2658 poenae
456 2577 588 2639 nomine
610 2576 729 2640 fuerint
753 2577 866 2641 relicta
888 2577 940 2640 vel
963 2577 1121 2660 adempta
1142 2576 1195 2640 vel
1219 2579 1251 2640 in
1274 2576 1356 2642 alios

206 2677 374 2753 translata,
400 2678 479 2741 nihil
505 2681 627 2743 distare
654 2701 674 2743 a
698 2683 815 2744 ceteris
841 2681 961 2764 legatis
988 2681 1219 2746 constituimus
1246 2680 1298 2744 vel
1323 2682 1355 2743 in

205 2781 315 2845 dando
330 2781 383 2846 vel
400 2783 432 2844 in
448 2783 627 2847 adimendo
642 2785 694 2848 vel
710 2786 743 2847 in
760 2784 1009 2848 transferendo:
1033 2785 1183 2867 exceptis
1199 2784 1250 2847 his
1264 2784 1356 2848 vide·
1441 2863 1447 2876 ἴ

204 2885 291 2962 licet,
317 2906 403 2969 quae
427 2886 644 2970 impossibilia
669 2898 747 2952 sunt
770 2889 821 2952 vel
844 2888 973 2972 legibus
996 2889 1171 2952 interdicta
1193 2897 1251 2952 aut
1274 2888 1356 2952 alias

205 2991 382 3073 probrosa:
417 2993 604 3055 huiusmodi
638 2993 725 3056 enim
755 3003 951 3058 testatorum
983 2994 1215 3076 dispositiones
1246 2993 1356 3058 valere

205 3105 294 3159 secta
316 3105 504 3178 temporum
529 3117 676 3160 meorum
701 3118 767 3160 non
790 3099 922 3180 patitur.

205 3353 289 3421 valid,
304 3355 354 3409 but
373 3371 427 3408 one
447 3353 526 3410 ‘cum
546 3355 628 3410 heres
649 3371 729 3410 meus
749 3363 877 3410 mortuus
900 3353 967 3410 erit’
988 3371 1020 3409 or
1040 3353 1147 3425 ‘pridie
1168 3371 1253 3426 quarn
1272 3355 1355 3408 heres

204 3455 284 3492 meus
302 3437 450 3494 morietur'
464 3455 520 3492 was
540 3438 626 3492 void:
646 3437 853 3506 adistinction‚
873 3439 910 3493 he
932 3438 1013 3506 adds,
1036 3437 1131 3509 ‘quod
1151 3455 1208 3492 non
1229 3436 1355 3506 pretiosa

204 3522 312 3577 ratione
331 3531 477 3592 receptum
496 3521 623 3576 videtur!
660 3522 722 3576 The
735 3522 846 3592 ground
861 3521 893 3576 ol
906 3521 953 3576 the
968 3523 1027 3576 rule
1040 3539 1097 3576 was
1117 3521 1168 3576 ‘ne
1186 3521 1223 3575 ab
1241 3520 1354 3576 heredis

204 3607 309 3661 herede
325 3606 412 3676 legari
428 3605 566 3674 videatur,
578 3605 654 3676 quod
675 3605 742 3659 iuris
760 3605 850 3660 civilis
866 3605 939 3660 ratio
958 3622 1015 3659 non
1032 3604 1154 3675 patitur’
1168 3603 1283 3674 Ulpian,
1296 3621 1354 3674 reg.

205 3704 246 3756 24
264 3689 303 3757 16,
316 3689 351 3743 cl.
367 3690 443 3744 Paul.
457 3699 528 3744 sent.
542 3706 596 3743 rec.
611 3703 636 3756 3.
649 3689 674 3742 6.
691 3701 714 3758 5,
727 3679 819 3743 which
833 3688 911 3744 itsell
926 3706 983 3743 was
1001 3691 1067 3758 only
1079 3706 1116 3743 an
1134 3687 1308 3760 application
1326 3687 1358 3741 ol

204 3775 253 3828 the
265 3774 357 3844 larger
365 3773 502 3844 principle
516 3773 677 3842 ‘inelegans
690 3773 791 3840 visum,
802 3790 837 3828 ex
849 3773 962 3829 heredis
975 3790 1097 3842 persona
1110 3773 1234 3844 incipere
1247 3771 1354 3842 obliga·

204 3855 325 3911 tionem’
339 3857 427 3912 Gaius
441 3857 477 3912 iii.
495 3873 564 3912 100:
584 3874 632 3912 see
645 3873 682 3910 on
697 3856 748 3911 Bk.
763 3856 801 3911 iii.
815 3871 852 3926 19
867 3871 898 3925 13
911 3855 960 3912 inl.
998 3859 1023 3911 A
1037 3855 1285 3911 fideicommissum
1296 3873 1354 3910 was

203 3940 280 3996 valid
293 3939 321 3994 in
334 3958 391 4010 any
403 3941 435 3994 ol
444 3942 492 3996 the
505 3941 585 3995 three
599 3942 686 3994 forms
699 3940 782 4010 given
797 3941 896 4010 above,
906 3939 995 3995 Gaius
1005 3940 1032 3994 ii.
1044 3953 1103 4010 277,
1119 3941 1233 4010 Ulpian,
1243 3957 1300 4008 reg.
1310 3953 1352 4004 24

207 4023 247 4077 16.
277 4023 441 4093 Justinian's
454 4035 631 4080 enactments
644 4041 681 4078 on
695 4025 743 4079 the
756 4025 866 4095 subject
879 4041 927 4080 are
941 4024 968 4079 in
984 4024 1140 4090 Cod.4.11.
1153 4039 1164 4078 1
1179 4045 1186 4091 ;
1205 4025 1229 4079 8.
1241 4024 1334 4091 38.11.

240 4105 316 4177 §8st
337 4109 423 4163 Some
431 4107 605 4163 conditional
615 4107 736 4177 legacies
745 4125 793 4162 are
802 4107 920 4162 difficult
929 4119 959 4162 to
969 4107 1138 4177 distinguish
1148 4108 1220 4161 from
1230 4105 1352 4174 legacies

206 4207 316 4261 poenae
329 4191 453 4258 nomine,
463 4192 512 4246 viz.
525 4193 607 4247 those
618 4192 646 4246 in
657 4191 748 4247 which
758 4193 807 4247 the
817 4192 964 4248 fulfilment
975 4191 1007 4244 of
1013 4192 1062 4246 the
1072 4190 1215 4246 condition
1225 4190 1353 4260 depends

202 4292 240 4330 on
253 4276 302 4329 the
314 4275 425 4345 legatee
436 4276 557 4332 himself.
596 4277 698 4344 These,
711 4277 850 4344 however,
864 4293 935 4330 were
952 4285 1002 4329 not
1014 4275 1186 4343 necessarily
1198 4273 1307 4328 treated
1320 4289 1352 4327 as

202 4359 287 4428 penal
298 4359 388 4414 under
397 4361 445 4414 the
455 4359 504 4414 old
513 4360 580 4414 law:
594 4359 642 4414 the
650 4370 705 4415 test
713 4377 771 4414 was
779 4361 828 4414 the
836 4357 974 4413 intention
983 4359 1016 4412 ol
1019 4359 1067 4412 the
1076 4367 1194 4412 testator
1202 4357 1221 4427 (‘
1229 4373 1352 4427 poenam

201 4461 219 4500 a
232 4445 400 4501 condicione
413 4447 542 4523 voluntes
555 4447 698 4502 testatoris
718 4457 838 4516 separat,
851 4455 879 4501 et
898 4463 935 4500 an
954 4461 1054 4516 poena,
1067 4461 1104 4499 an
1119 4443 1249 4499 condicio
1265 4443 1301 4498 sit
1318 4461 1351 4498 ex
