3176 5022
237 341 299 407 292
438 331 512 385 INS
516 331 587 384 TIT
589 330 645 385 UT
642 330 788 387 IONUM
805 329 924 384 LIBRI
943 329 1179 402 QUATTUOR.
1277 333 1342 399 [Lib.
1352 339 1385 387 ll.

235 496 359 562 sactum
375 506 610 564 testamentum
626 496 803 560 decesserit
818 504 966 570 testator,
983 516 1050 560 non
1069 505 1181 560 tamen
1200 496 1290 577 apud
1307 517 1383 559 eurn

235 601 292 682 qui
315 600 410 665 heres
432 603 475 665 sit
497 602 568 664 dies
589 599 690 682 legati
713 601 829 664 cedere
852 598 1061 681 intellegitur,
1078 619 1153 663 curn
1176 599 1342 664 hereditas
1363 621 1385 664 a

235 704 346 786 legato
367 715 519 787 separata
537 705 581 768 sit
599 714 633 768 et
652 705 757 786 possit
772 723 831 785 per
846 724 922 766 eurn
938 723 1067 770 servum
1082 703 1166 766 alius
1181 701 1276 766 heres
1291 703 1384 781 effici,

235 809 261 870 si
293 809 390 890 prius,
412 827 512 890 quarn
543 807 632 870 iussu
664 807 789 870 domini
821 807 929 881 adeat,
953 808 986 869 in
1016 807 1150 870 alterius
1181 816 1383 888 potestatem

235 911 413 978 translatus
442 914 494 987 sit,
520 912 573 976 vel
605 913 824 975 manumissus
854 912 925 994 ipse
953 911 1048 974 heres
1077 911 1232 975 efficitur:
1263 912 1383 992 quibus

234 1018 363 1081 casibus
379 1016 458 1082 utile
474 1028 525 1082 est
539 1016 705 1099 legatum:
729 1018 849 1099 quodsi
865 1017 898 1080 in
914 1015 1032 1080 eadem
1047 1035 1147 1080 causa
1166 1018 1383 1097 permanserit

186 1131 220 1183 34
234 1131 269 1184 et
290 1121 379 1184 iussu
406 1119 554 1204 legatarii
588 1121 714 1192 adierit,
739 1121 906 1184 evanescit
933 1119 1092 1203 legatum.
1137 1117 1231 1184 Ante
1253 1118 1383 1182 heredis

234 1225 474 1290 institutionem
505 1223 662 1288 inutiliter
691 1235 790 1288 antea
819 1223 1000 1305 legabatur,
1028 1223 1153 1286 scilicet
1178 1223 1255 1304 quia
1282 1233 1384 1286 testa·

235 1338 347 1394 menta
362 1330 429 1392 vim
453 1349 497 1390 ex
521 1327 727 1392 institutione
748 1327 907 1390 heredum
928 1327 1093 1409 accipiunt
1114 1335 1148 1390 et
1166 1326 1210 1388 ob
1229 1325 1262 1388 id
1281 1325 1383 1391 veluti

234 1441 334 1512 caput
348 1442 448 1512 atque
463 1430 717 1494 fundamentum
733 1430 935 1512 intellegitur
954 1430 1055 1494 totius
1075 1430 1266 1493 testamenti
1289 1428 1382 1492 here·

233 1537 284 1600 dis
307 1537 478 1602 institutio.
524 1536 594 1616 pari
617 1537 742 1599 ratione
767 1556 827 1598 nec
852 1535 987 1599 libertas
1008 1545 1086 1598 ante
1106 1534 1235 1598 heredis
1252 1535 1383 1599 institu-

234 1639 357 1704 tionem
374 1639 444 1702 dari
460 1649 599 1720 poterat.
633 1639 692 1702 sed
708 1640 786 1722 quia
802 1637 930 1704 incivile
943 1659 1014 1702 esse
1029 1639 1217 1720 putavimus
1232 1637 1382 1702 ordinem

233 1743 367 1825 quidem
383 1744 564 1824 scripturae
578 1743 671 1824 sequi
686 1739 790 1827 (quod
803 1754 837 1807 et
849 1743 910 1825 ipsi
925 1741 1114 1824 antiquitati
1129 1741 1381 1824 vituperandum

233 1847 339 1912 luerat
350 1844 479 1932 visum),
491 1847 599 1929 sperni
615 1857 727 1912 autem
744 1849 912 1912 testatoris
923 1846 1145 1912 voluntatem:
1162 1867 1220 1928 per
1235 1856 1381 1909 nostram

232 1952 500 2018 constitutionem
524 1963 558 2016 et
580 1950 643 2016 hoc
662 1953 779 2016 vitium
800 1951 1058 2029 emendavimus,
1075 1961 1112 2015 ut
1133 1950 1230 2016 liceat
1250 1959 1285 2016 et
1303 1959 1381 2014 ante

231 2054 361 2118 heredis
391 2054 630 2120 institutionem
657 2065 690 2120 et
718 2056 803 2121 inter
826 2055 953 2120 medias
975 2055 1133 2118 heredum
1158 2054 1381 2118 institutiones

232 2159 377 2240 legatum
409 2157 590 2241 relinquere
621 2171 655 2222 et
687 2159 792 2224 multo
824 2160 930 2242 magis
962 2159 1157 2232 libertatern,
1182 2159 1274 2220 cuius
1304 2177 1381 2220 usus

183 2271 218 2327 35
231 2262 440 2326 favorabilior
466 2272 524 2326 est.
578 2261 658 2327 Post
682 2274 823 2328 mortem
849 2283 981 2345 quoque
1003 2261 1132 2325 heredis
1152 2270 1210 2324 aut
1232 2259 1380 2343 legatarii

132 2371 141 2388 ‘
230 2367 328 2430 simili
345 2368 445 2430 modo
460 2366 618 2432 inutiliter
632 2367 823 2450 legabatur:
841 2368 941 2432 veluti
957 2368 984 2431 si
1000 2367 1135 2448 quisita
1151 2366 1261 2429 dicat:
1287 2371 1379 2429 ‘cunr

231 2468 326 2535 heres
350 2491 442 2534 meus
465 2482 613 2538 mortuus
636 2473 704 2547 erit,
722 2473 766 2536 do
787 2469 900 2555 lego:’
931 2473 1010 2536 item
1032 2471 1154 2553 ‘pridie
1170 2491 1270 2552 quarn
1286 2470 1381 2533 heres

231 2584 289 2637 aut
304 2573 481 2656 legatarius
499 2572 681 2640 morietur?
726 2577 785 2640 sed
808 2575 906 2639 simili
930 2575 1031 2638 modo
1052 2585 1087 2638 et
1101 2573 1165 2636 hoc
1177 2574 1379 2638 correximus

231 2675 422 2741 firmitatem
446 2676 634 2742 huiusmodi
658 2679 774 2762 legatis
805 2680 847 2742 ad
874 2678 1203 2742 fideicommissorum
1228 2677 1379 2741 similitu-

231 2779 342 2842 dinem
355 2790 570 2862 praestantes,
582 2802 624 2845 ne
639 2782 691 2845 vel
708 2785 740 2846 in
757 2780 820 2846 hoc
836 2803 912 2846 casu
925 2783 1068 2846 deterior
1083 2801 1180 2844 causa
1196 2779 1379 2862 legatorum

183 2899 217 2954 36
230 2904 330 2965 quam
354 2885 681 2949 fideicommissorum
704 2888 896 2952 inveniatur.
940 2885 1071 2950 Poenae
1093 2905 1225 2967 quoque
1248 2887 1380 2947 nomine

230 3126 260 3169 to
279 3132 296 3170 a
314 3116 391 3170 slave
410 3115 443 3168 of
457 3116 505 3180 the
525 3114 668 3172 institutus
686 3117 744 3171 had
762 3119 834 3172 been
855 3117 1009 3188 supported
1026 3119 1125 3187 hythe
1139 3117 1310 3172 Sabinians:
1330 3117 1379 3170 the

232 3198 395 3254 Proculians
417 3199 485 3253 held
507 3197 527 3253 it
550 3199 616 3254 void
642 3200 670 3253 in
690 3199 781 3255 either
802 3218 888 3256 case:
915 3201 1029 3256 Servius
1051 3201 1226 3256 maintained
1247 3201 1309 3255 that
1331 3201 1379 3254 the

229 3282 349 3353 bequest
362 3299 418 3336 was
431 3281 632 3352 provisionally
647 3283 731 3352 valid‚
745 3285 870 3340 whether
885 3285 1058 3340 conditional
1075 3302 1108 3339 or
1127 3296 1184 3353 not,
1197 3285 1247 3340 but
1261 3285 1378 3338 became

229 3365 296 3420 void
308 3365 333 3420 ir
340 3367 389 3422 the
401 3366 511 3434 legates
521 3383 581 3420 was
594 3366 623 3420 in
636 3368 684 3422 the
698 3367 850 3422 institutus'
862 3385 957 3438 power
970 3386 1007 3424 on
1025 3369 1073 3423 the
1091 3368 1152 3424 dies
1166 3368 1250 3438 legati
1264 3367 1377 3433 cedens,

230 3448 319 3502 Gaius
332 3447 360 3502 ii.
373 3463 434 3514 244.
471 3449 532 3503 The
552 3450 700 3504 Proculian
717 3450 787 3504 view
804 3469 861 3505 was
880 3451 970 3506 based
988 3467 1064 3521 upon
1085 3453 1159 3506 what
1179 3451 1203 3505 is
1220 3451 1312 3505 called
1330 3452 1378 3504 the

229 3533 326 3601 regula
340 3531 505 3600 Catoniana,
519 3533 641 3587 because
654 3533 675 3587 it
689 3551 746 3588 was
759 3534 891 3588 ascribed
909 3545 939 3588 to
956 3551 1011 3590 one
1028 3534 1061 3588 ol
1074 3535 1122 3590 the
1136 3537 1223 3588 Catos
1237 3553 1243 3588 :
1264 3533 1378 3604 ‘regula

231 3614 389 3668 Catoniana
413 3614 454 3668 sic
479 3615 596 3682 definit;
620 3617 706 3686 quod,
728 3617 751 3670 si
774 3617 937 3672 testamenti
962 3618 1028 3673 lacti
1054 3629 1181 3688 tempore
1207 3617 1377 3674 decessisset

229 3706 355 3764 testator,
370 3695 467 3750 inutile
489 3697 569 3764 toret,
583 3697 612 3752 id
633 3699 765 3768 legatum,
780 3700 1006 3770 quandocunque
1023 3701 1183 3768 decesserit,
1197 3717 1254 3754 non
1268 3701 1378 3755 valere'

230 3779 297 3849 Dig.
310 3794 353 3848 34.
366 3793 391 3847 7.
409 3795 429 3834 1.
468 3781 522 3833 But
536 3781 592 3836 this
607 3783 666 3834 rule
679 3781 728 3835 did
748 3793 797 3836 not
814 3784 900 3852 apply
913 3793 942 3838 to
955 3783 1128 3838 conditional
1141 3783 1272 3852 legacies,
1282 3784 1377 3838 whose

228 3862 345 3932 validity
357 3881 415 3918 was
432 3863 524 3918 tested
537 3874 565 3918 at
579 3865 628 3920 the
640 3865 789 3921 fulfilment
802 3867 834 3920 ol
843 3867 891 3920 the
905 3865 1060 3934 condition,
1073 3867 1138 3937 Dig.
1153 3879 1195 3936 35.
1212 3882 1233 3922 1.
1247 3869 1290 3936 98,
1303 3883 1335 3920 or
1347 3878 1376 3922 to

228 3949 310 4002 those
323 3947 414 4001 which
427 3964 499 4002 were
511 3947 594 4016 given
613 3964 647 4002 ex
667 3947 732 4004 die:
753 3948 929 4004 ‘Catoniana
948 3950 1045 4019 regula
1065 3967 1122 4004 non
1143 3951 1264 4020 pertinet
1286 3951 1324 4004 ad
1342 3967 1377 4004 ea

228 4031 329 4099 legata,
343 4047 462 4100 quorum
480 4029 540 4085 dies
556 4048 612 4086 non
630 4032 729 4088 mortis
748 4043 883 4103 tempore,
897 4033 948 4087 sed
965 4043 1030 4104 post
1049 4033 1156 4088 aditam
1173 4033 1249 4089 cedit
1267 4033 1377 4090 heredi·

227 4116 330 4168 tatem’
345 4113 411 4183 Dig.
425 4128 468 4182 34.
481 4126 507 4180 7.
520 4129 547 4182 3.

263 4197 341 4270 §34
361 4199 430 4254 eod
443 4198 469 4254 6.
483 4213 526 4268 23.
540 4213 591 4266 24:
611 4216 659 4254 see
672 4210 739 4255 note
752 4217 789 4254 on
803 4199 859 4255 Tit.
874 4215 905 4268 14
917 4218 959 4270 pr.
972 4218 1048 4271 supr.
1060 4201 1098 4256 ad
1111 4201 1169 4256 init
1209 4203 1272 4256 Τὴε
1284 4201 1376 4256 words

228 4282 322 4354 ‘quod
334 4292 361 4337 et
378 4281 431 4352 ipsi
449 4281 609 4352 antiquitati
623 4282 840 4353 vituperandum
859 4283 948 4339 fuerat
961 4283 1070 4339 visum’
1082 4286 1169 4340 relate
1182 4295 1212 4339 to
1225 4286 1274 4340 the
1286 4285 1376 4339 whole

227 4375 369 4433 sentence,
383 4365 528 4420 ‘ordinem
544 4367 698 4436 scripturae
711 4367 800 4438 sequi,
813 4367 908 4438 sperni
921 4379 1016 4423 autem
1030 4367 1172 4423 testatoris
1185 4369 1377 4424 voluntatem!

263 4449 277 4519 t
291 4451 341 4504 at.
360 4447 449 4503 Gaius
462 4465 527 4518 says
538 4449 577 4519 (ii.
587 4448 649 4517 232)
661 4451 722 4505 that
735 4467 753 4505 a
766 4451 865 4521 legacy
878 4450 960 4506 ‘curn
972 4452 1055 4506 heres
1067 4467 1148 4508 meus
1161 4451 1375 4507 morietur'was
