3176 5022
219 317 268 372 ra.
282 311 317 380 n]
511 309 572 369 oa
593 311 954 386 Hannorrnrrnun
977 312 1069 376 arc,
1303 325 1367 393 339

218 497 290 546 esse
316 497 412 542 suum
434 475 602 556 heredem,
626 477 685 544 sed
711 477 868 544 desinere.
915 477 1001 545 Cum
1027 476 1113 544 filius
1137 476 1246 558 filiave
1269 485 1303 546 et
1323 491 1398 548 ext

217 581 323 648 altero
351 581 420 646 filio
449 602 554 666 nepos
583 582 734 666 neptisve
764 591 893 660 extant,
924 582 1048 666 pariter
1075 583 1119 648 ad
1148 581 1367 649 hereditatem

217 693 377 753 vocantur
398 705 459 752 nec
481 685 536 770 qui
565 687 670 771 gradu
701 685 885 770 proximior
907 693 959 752 est
984 685 1172 752 ulteriorem
1198 685 1367 752 excludite

218 809 360 874 aequum
387 789 476 854 enim
505 809 577 856 esse
602 789 733 856 videtur
755 799 894 874 nepotes
924 798 1106 874 neptesque
1132 790 1165 854 in
1188 791 1293 874 patris
1318 791 1368 856 sui

217 893 327 959 locum
353 894 538 959 succedere.
582 893 654 978 pari
677 893 805 958 ratione
829 903 864 958 et
890 892 917 957 si
938 913 1041 977 nepos
1064 893 1237 978 neptisque
1258 894 1302 960 sit
1324 915 1369 960 ex

218 995 287 1062 lilio
306 1005 340 1063 et
362 1019 406 1062 ex
429 1006 550 1082 nepote
572 1018 737 1082 pronepos
758 995 979 1082 proneptisv'e,
1003 997 1101 1062 simul
1120 1005 1290 1064 vocantur.
1334 1008 1369 1064 et

219 1100 297 1184 quia
311 1101 435 1185 placuit
451 1111 590 1185 nepotes
604 1111 798 1185 neptesque,
815 1101 896 1165 item
910 1109 1110 1184 pronepotes
1125 1109 1369 1186 proneptesque

220 1205 254 1270 in
268 1207 414 1288 parentis
428 1206 477 1270 sui
494 1206 603 1272 locum
618 1206 802 1284 succedere,
814 1206 1012 1270 conveniens
1027 1225 1098 1270 esse
1112 1205 1220 1270 visum
1237 1212 1287 1270 est
1302 1223 1369 1269 non

220 1309 253 1372 in
272 1309 391 1392 capita,
412 1309 472 1374 sed
496 1309 530 1374 in
551 1311 670 1393 stirpes
693 1307 913 1375 hereditatem
935 1307 1047 1385 dividi,
1073 1317 1109 1374 ut
1131 1307 1217 1374 filius
1239 1315 1368 1392 partem

179 1453 181 1458 ,
219 1411 391 1477 dimidiam
415 1411 608 1479 hereditatis
633 1413 757 1478 habeat
779 1420 814 1477 et
838 1433 883 1477 ex
909 1411 1015 1478 altero
1039 1410 1107 1478 filio
1129 1411 1196 1478 duo
1218 1411 1369 1496 pluresve

220 1526 358 1600 nepotes
380 1517 517 1582 alteram
538 1517 720 1584 dimidiam.
764 1517 845 1584 item
868 1517 895 1581 si
918 1537 963 1582 ex
983 1517 1112 1582 duobus
1135 1517 1209 1582 liliis
1230 1527 1369 1601 nepotes

221 1629 337 1685 extant
366 1629 468 1686 etex
495 1621 601 1688 altero
626 1643 711 1686 unus
734 1620 820 1686 forte
843 1630 901 1686 aut
925 1621 1001 1697 duo,
1023 1641 1068 1686 ex
1092 1619 1197 1687 altero
1221 1631 1288 1686 tres
1310 1629 1369 1686 aut

220 1734 386 1807 quattuor,
401 1727 445 1792 ad
460 1747 562 1792 unum
578 1736 636 1792 aut
651 1727 735 1792 duos
749 1725 889 1790 dimidia
910 1745 987 1809 pars
1006 1726 1157 1809 pertinet,
1174 1724 1217 1791 ad
1233 1734 1300 1791 tres
1314 1725 1369 1791 vel

221 1827 265 1894 ad
287 1839 444 1913 quattuor
462 1830 567 1896 altera
592 1831 739 1897 dimidia.
785 1829 872 1896 Cum
898 1837 1012 1895 autem
1033 1831 1208 1914 quaeritur,
1230 1849 1273 1895 an
1295 1829 1399 1914 quis?

220 1953 297 1998 suus
319 1932 414 2000 heres
436 1934 580 2000 existere
602 1943 733 2020 potest:
756 1955 797 2000 eo
814 1941 964 2018 tempore
984 1934 1209 2018 quaerendum
1226 1941 1286 2012 est,
1302 1953 1369 2018 quo

221 2045 348 2104 certum
367 2047 417 2103 est
434 2039 579 2124 aliquem
601 2043 671 2105 sine
694 2049 895 2106 testamento
917 2038 1116 2105 decessisse:
1139 2039 1228 2122 quod
1248 2037 1370 2104 accidit

220 2149 255 2205 et
281 2141 440 2208 destituto
465 2151 677 2210 testamento.
729 2143 793 2208 hac
822 2142 949 2208 ratione
977 2142 1006 2206 si
1035 2141 1122 2206 filius
1148 2141 1370 2208 exheredatus

221 2244 319 2311 fuerit
342 2255 376 2312 et
402 2257 580 2314 extraneus
606 2248 702 2314 heres
727 2247 897 2314 institutus
923 2255 982 2326 est,
1006 2245 1074 2311 filio
1098 2255 1229 2311 mortuo
1252 2254 1369 2330 postea

220 2359 350 2424 ¹certum
376 2351 472 2418 fuerit
501 2352 659 2419 heredem
689 2351 876 2418 institutum
909 2373 953 2416 ex
982 2359 1184 2418 testamento
1210 2371 1276 2416 non
1300 2347 1370 2415 lieri

223 2450 389 2535 heredem,
411 2465 469 2522 aut
495 2458 572 2541 quia
602 2457 709 2523 noluit
738 2477 810 2522 esse
839 2455 935 2522 heres
960 2465 1019 2522 aut
1045 2456 1122 2540 quia
1145 2475 1211 2521 non
1240 2454 1368 2542 potuit:

222 2579 326 2642 nepos
349 2579 412 2625 avo
434 2581 513 2625 suus
535 2559 630 2627 heres
655 2563 787 2641 existet,
807 2560 885 2645 quia
909 2581 974 2644 quo
996 2569 1148 2645 tempore
1168 2567 1295 2625 certum
1319 2567 1372 2625 est

221 2661 415 2728 intestatum
438 2665 618 2730 decessisse
639 2675 769 2750 patrem
793 2663 942 2745 familias,
964 2664 1053 2730 solus
1079 2662 1242 2730 invenitur
1259 2681 1370 2747 nepos.

222 2775 257 2832 et
271 2765 334 2832 hoc
348 2778 475 2833 certum
498 2778 558 2836 est.
603 2769 650 2837 Et
664 2771 741 2836 licet
756 2778 833 2854 post
853 2778 994 2834 mortem
1010 2768 1062 2834 avi
1076 2778 1174 2834 natus
1189 2768 1241 2845 sit,
1257 2777 1370 2834 tamen
1384 2777 1401 2834 8

222 2889 286 2936 avo
305 2870 380 2936 vivo
398 2883 586 2957 conceptus,
605 2883 736 2939 mortuo
756 2884 850 2958 patre
870 2875 940 2939 eius
962 2882 1145 2957 posteaque
1165 2873 1298 2937 deserto
1318 2871 1371 2937 avi

222 2981 423 3040 testamento
438 2996 516 3042 suus
530 2976 623 3043 heres
639 2977 786 3044 efficitur.
826 2977 925 3063 plane
939 2978 967 3043 si
983 2988 1016 3043 et
1032 2986 1209 3060 conceptus
1225 2985 1258 3041 et
1274 2983 1371 3041 natus

224 3259 291 3331 Dig.
312 3261 354 3330 48.
370 3275 396 3330 4.
413 3275 442 3318 11
464 3259 679 3333 ‘perduellionis
699 3277 764 3316 reus
784 3257 879 3315 hostili
898 3258 994 3315 animo
1012 3258 1148 3315 adversus
1166 3255 1371 3330 rempublicam

222 3346 267 3401 vel
280 3344 437 3416 principem
450 3345 609 3402 animatus!
644 3343 819 3416 Theophilus
832 3343 959 3400 remarks
972 3344 1033 3399 that
1047 3342 1067 3398 it
1078 3360 1134 3398 was
1148 3343 1196 3398 the
1208 3342 1275 3412 only
1285 3339 1375 3397 crime

222 3427 266 3484 lor
278 3429 369 3485 which
381 3447 399 3486 a
411 3447 478 3485 man
492 3429 575 3485 could
589 3429 624 3486 he
641 3429 802 3500 proceeded
819 3427 931 3500 against
949 3427 1021 3484 after
1036 3425 1082 3484 his
1097 3427 1217 3483 decease
1231 3443 1237 3480 :
1257 3423 1291 3481 cf
1304 3433 1372 3482 note

228 3527 266 3567 on
279 3511 330 3568 Bk
344 3511 380 3568 iv.
397 3513 437 3569 18.
450 3528 467 3582 3
480 3512 527 3568 inf.

259 3600 317 3667 §6.
336 3600 394 3655 For
410 3616 428 3655 a
443 3597 602 3655 discussion
618 3597 651 3654 of
665 3600 714 3655 the
732 3609 788 3655 two
803 3607 925 3670 systems
943 3599 976 3655 of
990 3597 1120 3668 division,
1132 3613 1184 3670 per
1201 3591 1296 3668 capita
1314 3595 1372 3651 and

223 3697 275 3754 per
286 3681 398 3754 stirpes,
410 3699 458 3740 see
473 3682 579 3752 Maine,
593 3683 681 3753 Early
695 3683 813 3754 History
826 3683 858 3738 of
869 3681 1048 3738 Institutione
1060 3701 1088 3754 p.
1105 3694 1163 3752 195.

260 3767 315 3834 §¹7.
335 3767 422 3822 What
441 3765 465 3822 is
484 3775 580 3823 meant
602 3765 626 3821 is
646 3767 708 3821 that
728 3766 777 3820 the
798 3782 916 3836 persons
938 3767 1001 3822 who
1023 3766 1115 3822 would
1134 3765 1171 3821 he
1189 3761 1232 3821 sui
1251 3761 1372 3820 heredes

224 3858 253 3905 at
273 3850 321 3906 the
340 3859 466 3907 moment
485 3849 517 3906 of
532 3850 581 3906 the
601 3849 729 3905 decease‘
740 3863 806 3919 may
821 3860 870 3905 not
889 3851 999 3920 exactly
1015 3848 1188 3920 correspond
1207 3847 1274 3904 with
1290 3847 1373 3903 those

224 3933 288 3988 who
306 3933 398 3990 would
416 3951 527 4006 occupy
544 3935 607 3990 that
624 3931 748 4003 position
767 3941 796 3988 at
815 3934 863 3988 the
882 3943 1009 3990 moment
1021 3934 1103 3990 when
1122 3931 1143 3988 it
1162 3932 1221 3987 first
1238 3931 1373 3987 becomes

225 4016 332 4074 certain
357 4017 418 4074 that
442 4018 492 4074 the
515 4033 583 4072 man
605 4017 658 4072 has
681 4014 748 4071 died
770 4013 912 4088 intestam,
931 4017 989 4072 and
1009 4017 1080 4086 that,
1099 4016 1192 4071 where
1213 4015 1293 4070 there
1312 4011 1373 4068 isa

223 4099 383 4170 difference,
395 4100 417 4157 it
435 4099 460 4158 is
472 4101 521 4157 the
533 4101 617 4157 latter
628 4101 691 4155 who
709 4099 784 4168 take,
797 4109 846 4154 not
859 4100 908 4156 the
923 4099 1034 4156 former.
1066 4101 1131 4169 Eg.
1145 4097 1172 4153 Α
1184 4097 1254 4168 dies,
1267 4095 1373 4167 having

224 4181 371 4240 instituted
390 4185 423 4254 B,
441 4200 478 4240 an
497 4193 656 4254 extraneus,
669 4181 727 4240 aud
745 4181 858 4251 leaving
877 4192 931 4238 two
946 4182 997 4252 sui,
1012 4183 1035 4238 C
1052 4180 1110 4238 aud
1128 4181 1174 4236 D:
1194 4179 1371 4248 inhereret}

223 4267 331 4324 refuses
344 4269 392 4324 the
405 4267 588 4337 inheritance,
603 4269 625 4324 C
638 4267 717 4338 gives
733 4265 851 4320 himself
865 4263 894 4320 in
911 4264 1086 4336 adrogation,
1100 4265 1128 4318 D
1142 4261 1197 4320 will
1208 4261 1329 4318 succeed
1342 4271 1372 4318 to

224 4350 273 4406 the
286 4351 376 4408 whole
389 4367 426 4406 on
440 4353 487 4408 B’s
501 4351 615 4419 refusal,
627 4352 670 4406 for
688 4359 717 4406 at
735 4351 785 4405 the
803 4348 872 4404 time
885 4349 966 4405 when
984 4350 1033 4404 the
1051 4345 1094 4404 sui
1112 4363 1161 4404 are
1179 4355 1210 4404 to
1227 4345 1264 4403 be
1280 4361 1373 4401 ascer-

222 4433 320 4492 taiued
335 4435 357 4490 C
370 4434 423 4491 has
436 4433 538 4492 ceased
551 4444 581 4492 to
593 4435 630 4491 be
642 4450 660 4490 a
673 4449 739 4490 suus
750 4433 789 4504 by
799 4431 905 4504 having
917 4431 1080 4505 undergone
1093 4429 1194 4503 capitis
1207 4425 1372 4488 deminutio.

787 4539 842 4590 Η
