3078 5020
199 303 259 368 168
405 311 754 369 INSTITUTIONUM
770 312 890 367 LIBRI
909 312 1146 384 QUATTUOR.
1248 316 1312 382 [Lib.
1326 321 1345 370 l.

195 478 403 564 grammatici
419 478 566 543 rhetores
586 487 620 544 et
640 479 757 544 medici
773 489 807 544 et
823 479 879 563 qui
895 478 927 543 in
943 481 1050 563 patria
1064 500 1124 544 sua
1139 479 1173 544 id
1189 491 1345 546 exercent

198 592 232 648 et
247 585 333 649 intra
349 603 522 647 numerum
538 593 625 659 sunt,
641 605 661 647 a
676 583 782 648 tutela
796 583 849 648 vel
865 605 943 649 cura
957 585 1082 650 habent
1097 586 1314 650 vacationem.

149 683 185 749 16'
241 688 307 772 Qui
327 697 439 752 autem
460 707 496 750 se
516 686 589 751 vult
610 707 778 767 excusare,
794 689 820 752 si
841 689 951 773 plures
971 690 1093 754 habeat
1114 689 1345 754 excusationes

196 802 230 858 et
252 795 295 858 de
318 792 516 874 quibusdam
540 813 606 855 non
629 793 825 875 probaverit,
840 794 912 858 aliis
931 794 979 858 uti
999 795 1084 858 intra
1103 805 1255 877 tempora
1278 813 1345 857 non

195 897 397 982 prohibetur.
435 897 490 979 qui
514 917 674 960 excusare
690 919 725 961 se
740 897 864 976 volunt,
880 919 946 961 non
964 899 1153 982 appellant:
1177 899 1236 964 sed
1259 898 1346 962 intra

197 1004 268 1068 dies
284 1001 523 1084 quinquaginta
545 1001 726 1077 continuos,
743 1023 787 1065 err
803 1022 869 1084 quo
885 1013 1119 1086 cognoverunt,
1135 1023 1294 1067 excusare
1309 1023 1345 1067 se

197 1107 321 1172 debent
337 1103 586 1192 (cuiuscumque
608 1107 737 1189 generis
752 1117 838 1182 sunt,
856 1107 889 1170 id
906 1117 956 1172 est
972 1107 1254 1191 qualitercumque
1274 1109 1344 1172 dati

196 1211 316 1276 fuerint
338 1208 486 1296 tutores),
502 1211 529 1274 si
546 1211 631 1275 intra
646 1213 863 1275 centesimum
880 1211 1024 1294 lapidem
1041 1222 1118 1276 sunt
1137 1212 1180 1274 ab
1201 1233 1241 1274 eo
1261 1211 1346 1288 loco,

196 1316 252 1381 ubi
269 1325 394 1381 tutores
406 1317 475 1380 dati
491 1326 586 1381 sunt:
610 1317 726 1380 sivero
739 1317 825 1380 ultra
840 1318 1057 1382 centesimum
1073 1317 1234 1392 habitant,
1250 1318 1346 1381 dinu-

197 1422 378 1486 meratione
396 1420 484 1486 facta
499 1422 616 1504 viginti
634 1421 773 1485 millium
789 1423 979 1486 diurnorum
999 1431 1032 1486 et
1052 1421 1194 1504 amplius
1210 1424 1347 1504 triginta

196 1526 333 1591 dierum.
378 1525 468 1609 quod
491 1535 612 1602 tamen,
630 1535 666 1590 ut
683 1525 845 1591 Scaevola
864 1527 1004 1606 dicebat,
1020 1527 1066 1590 sic
1088 1526 1190 1590 debet
1210 1545 1346 1609 compu-

196 1761 307 1833 possint
317 1771 365 1816 aut
373 1759 467 1816 dicere
477 1771 526 1817 aut
539 1761 669 1830 scribere,
675 1761 787 1832 proprie
796 1771 943 1832 poetarum
954 1761 1133 1832 interpretes’
1144 1760 1347 1830 (CornNepos

197 1845 274 1916 apud
299 1847 377 1901 Suet.
401 1845 436 1900 de
462 1845 499 1900 ill.
518 1863 636 1916 gramm.
657 1845 695 1914 4),
722 1845 923 1914 ‘grammatica
947 1845 1086 1916 professio
1110 1855 1186 1900 reete
1211 1843 1347 1914 loquendi

198 1927 317 1984 scientia
331 1938 359 1983 et
379 1939 527 2000 poetarum
546 1929 701 1984 enarratio'
725 1929 841 1999 Quintil.
861 1930 929 1984 lnst.
950 1947 990 1983 or.
1012 1945 1034 1985 1.
1053 1944 1077 1996 4
1099 1947 1123 1998 2,
1145 1926 1348 1998 ‘grammatica

198 2013 273 2068 circa
286 2030 382 2068 curam
395 2013 533 2068 sermonis
543 2023 678 2081 versatur,
689 2012 764 2068 circa
776 2013 917 2081 historias,
928 2012 1004 2068 circa
1016 2013 1156 2068 carmina’
1170 2013 1288 2082 Seneca,
1302 2029 1347 2082 ep.

197 2097 240 2152 88.
254 2112 278 2152 2.
315 2097 378 2152 'Ibe
396 2096 557 2151 ‘numerus’
575 2114 632 2152 was
651 2097 828 2152 determined
846 2097 884 2166 by
903 2098 951 2152 the
970 2096 1025 2152 size
1044 2097 1076 2151 ol
1091 2097 1139 2151 the
1158 2107 1242 2165 town,
1254 2097 1312 2151 and
1330 2113 1348 2150 a

195 2179 407 2250 grammaticus,
419 2180 576 2251 physician,
595 2197 628 2235 or
645 2180 823 2250 rhetorician,
837 2197 895 2235 was
912 2179 1051 2235 admitted
1070 2179 1130 2235 into
1149 2177 1170 2234 it
1188 2180 1226 2249 by
1244 2179 1348 2250 magis·

196 2263 277 2320 terial
290 2265 408 2320 decree:
429 2264 487 2320 ‘est
500 2275 596 2320 autern
609 2265 696 2320 etiam
708 2283 842 2320 numerus
862 2263 994 2319 delinitus
1007 2280 1113 2332 eorum,
1127 2262 1174 2334 qui
1188 2263 1216 2318 in
1231 2263 1348 2334 singulis

197 2348 357 2404 civitatibus
378 2349 586 2404 immunitatem
604 2349 737 2418 habeant,
757 2359 785 2404 et
807 2347 990 2403 condiciones
1012 2347 1153 2418 quaedam
1169 2347 1298 2402 adiectae
1320 2347 1348 2402 in

196 2433 279 2502 lege:
299 2432 376 2503 quod
388 2432 552 2502 intelligitur
570 2450 604 2488 ex
623 2433 743 2504 epistola
755 2432 892 2488 Antonini
906 2448 980 2503 quae
997 2431 1065 2486 data
1081 2442 1124 2486 est
1143 2431 1181 2486 ad
1198 2448 1348 2486 commune

197 2515 293 2583 Asiae,
306 2515 357 2570 sed
370 2516 491 2586 pertinet
508 2517 546 2572 ad
564 2517 662 2572 orbem
675 2517 846 2586 universum,
859 2515 939 2571 cuius
952 2526 995 2571 est
1009 2525 1093 2586 caput
1107 2515 1327 2586 infrascriptum
1342 2534 1348 2570 :

197 2599 326 2654 civitates
340 2599 463 2656 minores
476 2613 596 2672 possunt
609 2602 714 2656 habere
733 2599 874 2656 immunes
887 2600 1014 2656 medicos
1028 2599 1152 2671 quinque
1165 2609 1193 2655 et
1206 2598 1349 2670 sophistas

196 2692 254 2737 tres
273 2683 431 2754 eodemque
443 2702 562 2740 numero
579 2683 798 2755 grammaticos:
818 2683 940 2740 maiores
953 2683 1082 2738 civitates
1096 2695 1205 2754 septem
1224 2683 1271 2754 qui
1290 2699 1349 2737 me·

196 2765 325 2833 deantur,
358 2776 491 2836 quattuor
515 2767 666 2838 sophistas,
692 2779 824 2839 quattuor
848 2767 895 2838 qui
923 2768 1044 2822 doceant
1069 2767 1165 2822 literas
1197 2777 1348 2836 utrasque:

196 2847 338 2902 maximae
357 2866 424 2903 uero
443 2851 570 2906 medicos
589 2851 689 2907 decern
708 2861 736 2907 et
755 2853 882 2906 rhetores
905 2851 1029 2922 quinque
1055 2851 1213 2922 eodemque
1231 2865 1350 2904 numero

197 2931 408 3002 grammaticos,
431 2950 516 3004 super
534 2935 609 2990 hunc
629 2945 724 2991 autem
745 2953 894 2990 numerum
915 2953 951 2990 ne
972 2934 1097 2991 maxima
1116 2933 1231 3006 quidem
1249 2932 1349 2990 civitas

198 3015 406 3071 immunitatem
419 3018 543 3074 consert'
556 3019 621 3090 Dig.
637 3033 679 3086 27.
695 3035 715 3074 1.
730 3019 755 3074 6.
769 3034 830 3088 2-3.

236 3097 310 3170 516.
329 3101 377 3168 So,
399 3111 456 3172 too,
480 3101 586 3172 Ulpian
608 3120 674 3172 says
697 3103 725 3158 in
745 3102 812 3172 Dig.
830 3117 875 3173 49.
893 3118 918 3170 4
942 3119 964 3158 1.
985 3115 998 3173 5
1025 3102 1066 3158 ‘si
1089 3101 1151 3174 quis
1171 3111 1246 3157 tutor
1265 3102 1350 3156 datus

197 3182 279 3238 suerit
292 3184 337 3238 vel
349 3193 520 3240 testamento
532 3187 577 3241 vel
590 3203 676 3257 aquo
689 3186 744 3241 alio
757 3186 804 3257 qui
818 3187 861 3242 ius
877 3187 964 3242 dandi
977 3187 1072 3257 habet,
1085 3204 1142 3242 non
1160 3195 1271 3257 oportet
1283 3201 1349 3240 eum

197 3284 372 3338 provocare;
391 3269 446 3323 hoc
459 3268 535 3324 eninr
555 3269 636 3324 divus
657 3272 772 3325 Marcus
792 3271 904 3327 effecit:
923 3272 975 3327 sed
994 3271 1067 3326 intra
1086 3281 1214 3341 tempora
1232 3267 1350 3340 praesti-

198 3361 260 3407 tuta
283 3352 494 3408 excusationem
519 3354 700 3423 allegandam
721 3355 817 3424 habet,
837 3365 865 3410 et
888 3355 910 3410 si
933 3354 1015 3410 suerit
1035 3356 1125 3425 pulsa,
1145 3365 1212 3410 tunc
1233 3353 1349 3408 demum

198 3435 340 3504 appellare
362 3437 486 3506 debebit,
504 3447 647 3492 caeterum
669 3448 735 3494 ante
757 3439 860 3495 frustra
879 3440 1053 3510 appellatur!
1092 3441 1117 3494 lt
1139 3447 1214 3494 must
1238 3447 1288 3492 not
1312 3437 1350 3492 be

199 3517 324 3574 inserted
335 3520 407 3574 from
422 3520 538 3575 ‘datus'
551 3521 579 3576 in
589 3521 645 3577 this
655 3539 785 3594 passage,
796 3539 828 3577 or
836 3523 907 3578 from
922 3522 967 3578 ‘id
979 3533 1031 3593 est,
1045 3523 1276 3595 qualitercunque
1289 3519 1349 3575 dati

197 3599 315 3654 fuerint’
327 3601 356 3655 in
369 3604 417 3658 the
430 3613 496 3673 text,
505 3605 566 3659 that
579 3607 627 3661 the
640 3606 817 3677 exemptione
825 3607 875 3662 did
885 3609 939 3663 not
947 3608 1051 3663 extend
1065 3617 1093 3662 to
1106 3617 1213 3661 tutores
1222 3602 1348 3674 legitimi.

199 3684 375 3753 Theophilus
399 3687 526 3757 explains
548 3691 758 3760 τισταμεντάριοι
771 3729 779 3744 .
792 3729 799 3746 .
812 3692 940 3764 λεγίτιμοι
953 3729 960 3746 .
975 3729 981 3745 .
998 3692 1049 3746 ὑπὸ
1067 3689 1194 3760 ἄρχοντος
1211 3688 1350 3754 διδόμενοι.

201 3767 258 3820 For
276 3767 324 3822 the
343 3768 411 3824 time
424 3771 521 3826 within
534 3772 626 3828 which
644 3775 693 3830 the
712 3791 815 3830 excuse
834 3786 908 3830 must
921 3776 957 3829 be
970 3775 1078 3845 proved
1090 3773 1125 3828 ci.
1140 3772 1205 3842 Dig.
1220 3785 1261 3838 27.
1279 3786 1300 3824 1.
1315 3771 1349 3838 38

198 3849 420 3922 ‘quinquaginta
444 3853 553 3910 dierum
579 3857 701 3928 spatium
727 3859 924 3914 tantummodo
946 3858 984 3914 ad
1006 3857 1208 3914 contestandas
1233 3871 1349 3910 excusa-

197 3933 307 3990 tionum
326 3953 427 3992 causas
452 3938 592 4008 pertinet:
617 3941 780 4011 peragendo
799 3941 876 3996 enirn
894 3941 1009 4012 negotio
1028 3959 1063 3998 ex
1081 3941 1128 3998 die
1146 3937 1349 3996 nominationis

197 4017 322 4073 continui
337 4029 468 4090 quattuor
480 4039 593 4078 menses
606 4023 750 4079 constituti
764 4027 846 4080 sunt’

234 4101 354 4158 Besides
372 4103 420 4159 the
438 4106 544 4161 classes
563 4107 596 4160 of
610 4124 729 4178 persons
748 4107 913 4164 mentioned
930 4107 959 4163 in
975 4109 1032 4164 this
1050 4110 1133 4179 Title,
1146 4109 1194 4164 the
1207 4105 1350 4177 following

197 4186 281 4240 could
295 4186 379 4242 claim
388 4189 549 4259 exemption
562 4209 568 4245 ε
589 4191 627 4260 (1)
642 4191 776 4262 Spiritual
789 4209 907 4262 persons
920 4194 984 4247 wbo
997 4211 1069 4249 were
1081 4204 1132 4249 not
1144 4191 1260 4260 already
1272 4190 1349 4245 inca-

197 4270 341 4340 pacitated
362 4271 490 4344 (bishops
510 4273 567 4328 and
584 4274 695 4345 monks,
714 4277 788 4330 Nov.
809 4291 866 4346 ¹23·
886 4276 911 4347 5)
933 4277 1004 4332 Cod.
1023 4292 1044 4333 1.
1065 4293 1090 4346 3.
1111 4291 1152 4348 52.
1189 4276 1228 4346 (2)
1247 4273 1350 4346 Jurists

199 4355 262 4408 who
287 4355 428 4426 belonged
450 4367 479 4412 to
501 4357 549 4412 the
571 4361 723 4429 emperors
745 4359 903 4429 consilium,
924 4360 991 4432 Dig.
1009 4375 1053 4428 27.
1074 4377 1096 4416 1.
1112 4375 1167 4430 303
1189 4375 1214 4427 4
1227 4373 1254 4426 4.
1270 4372 1309 4412 11.
1324 4371 1350 4412 2.

200 4436 240 4506 (3)
261 4437 383 4494 Persons
404 4449 453 4496 not
474 4439 626 4497 domiciled
646 4441 675 4497 in
697 4443 746 4498 the
764 4444 847 4515 place
869 4445 962 4502 where
982 4445 1056 4502 their
1075 4445 1188 4502 tutorial
1207 4445 1350 4503 fonctions
