3166 5022
242 309 305 374 240
445 296 520 352 INS
522 296 550 350 T
546 295 594 350 ΙΤ
596 295 652 351 UT
649 293 796 351 IONUM
813 291 932 348 LIBRI
951 291 1187 365 QUATTUOR.
1282 289 1347 358 [Lib.
1358 296 1393 346 ll.

176 451 185 468 ⁸
241 475 329 542 sunt,
356 473 391 530 et
412 465 485 530 aliis
507 465 655 548 personis
679 463 726 529 eis
749 461 932 527 coniunctis
954 461 1182 528 testimonium
1203 481 1269 525 non
1292 461 1392 526 dene-

241 591 368 654 gamus,
381 569 483 633 immo
498 569 532 632 in
547 568 692 652 quadam
708 575 820 631 nostra
835 566 1071 631 constitutione
1086 575 1120 630 et
1134 565 1197 631 hoc
1206 565 1392 648 specialiter

242 659 475 748 concessimus,
493 681 528 737 et
543 671 649 736 multo
665 671 771 754 magis
786 669 847 748 his,
862 669 920 753 qui
939 670 973 733 in
989 690 1103 734 eorum
1119 678 1287 752 potestate
1303 677 1391 746 sunt,

241 776 295 842 vel
310 776 367 859 qui
382 797 439 840 eos
453 775 578 841 habent
593 777 627 839 in
642 783 817 858 potestate,
832 773 1020 837 huiusmodi
1036 773 1203 838 licentiam
1218 773 1347 838 damus.

196 891 229 947 12
286 880 380 946 Nihil
398 889 512 946 autem
532 881 676 955 interest,
695 887 935 944 testamentum
956 879 989 941 in
1008 877 1130 943 tabulis
1150 897 1194 941 an
1214 878 1248 941 in
1268 876 1392 943 chartis

195 998 230 1054 13
244 985 485 1050 membranisve
507 983 560 1048 vel
583 985 616 1048 ln
638 983 704 1048 alia
731 983 869 1048 materia
892 982 960 1046 fiat.
1007 981 1076 1047 Sed
1099 990 1134 1046 et
1161 1001 1264 1044 unum
1288 990 1393 1046 testa·

242 1099 392 1154 mentum
416 1087 564 1172 pluribus
586 1088 753 1153 codicibus
777 1087 937 1152 conficere
965 1087 1041 1170 quis
1063 1095 1183 1170 potest,
1209 1087 1392 1152 secundum

241 1194 448 1276 optinentem
460 1202 574 1257 tamen
590 1191 854 1256 observationem
869 1191 1022 1256 omnibus
1038 1189 1143 1254 factis.
1187 1190 1277 1273 quod
1292 1191 1393 1253 inter·

242 1297 324 1361 dum
340 1304 374 1360 et
389 1296 609 1361 necessarium
628 1303 686 1370 est,
711 1297 738 1359 si
760 1295 834 1378 quis
853 1296 1065 1378 navigaturus
1080 1301 1114 1358 et
1131 1313 1243 1358 secum
1258 1292 1342 1358 serre
1357 1301 1393 1358 et

242 1401 334 1466 domi
356 1399 540 1483 relinquere
563 1400 757 1464 iudiciorum
780 1420 915 1463 suorum
937 1399 1214 1464 contestationem
1231 1398 1319 1472 velit,
1337 1396 1393 1462 vel

241 1513 379 1588 propter
388 1503 471 1568 alias
481 1503 735 1568 innumerabiles
747 1523 871 1582 causas,
881 1524 966 1586 quae
976 1501 1130 1567 humanis
1140 1502 1392 1568 necessitatibus

196 1617 230 1674 14
243 1608 427 1671 imminent.
472 1605 540 1671 Sed
555 1606 638 1671 haec
654 1607 788 1689 quidem
811 1607 854 1670 de
873 1607 1091 1684 testamentis,
1105 1625 1192 1689 quae
1211 1606 1244 1668 in
1261 1599 1391 1688 scriptis

243 1711 469 1777 conficiuntur.
513 1712 539 1776 si
555 1712 629 1794 quis
644 1721 757 1776 autem
772 1711 912 1776 voluerit
927 1713 998 1776 sine
1013 1711 1143 1793 scriptis
1157 1711 1308 1774 ordinare
1322 1711 1392 1774 iure

242 1816 329 1882 civili
345 1823 592 1894 testamentum,
608 1825 736 1899 septem
757 1816 897 1882 testibus
920 1815 1078 1880 adhibitis
1097 1823 1131 1879 et
1145 1835 1206 1879 sua
1220 1813 1392 1880 voluntate

243 1940 354 1986 coram
381 1921 428 1984 eis
452 1930 642 2003 nuncupata
657 1922 739 1986 sciat
765 1919 828 1985 hoc
850 1920 1125 2005 perfectissimum
1151 1927 1392 1986 testamentum

242 2026 312 2090 iure
327 2023 413 2090 civili
428 2022 626 2108 firmumque
641 2025 868 2092 constitutum.

783 2245 845 2313 XI.

554 2423 617 2492 DE,
629 2422 803 2474 MILITARI
827 2421 1088 2474 TESTAMENTO.

287 2570 396 2654 Supra
419 2572 509 2637 dlcta
537 2573 678 2657 diligens
701 2574 889 2639 observatio
913 2575 946 2638 In
968 2574 1158 2639 ordinandis
1182 2573 1391 2640 testamentis

242 2675 402 2740 militibus
414 2685 549 2760 propter
560 2677 697 2742 nimiam
714 2679 912 2760 imperitiam
928 2678 1219 2744 constitutionibus
1231 2679 1392 2761 principa·

277 2849 350 2916 §18.
371 2849 412 2904 Ct'.
427 2849 588 2919 Suetonius,
602 2851 702 2906 Octaw.
718 2866 764 2906 101
781 2851 998 2908 ‘testamentum
1017 2851 1129 2907 duobus
1146 2849 1291 2906 codicibus
1305 2851 1392 2922 scrip·

241 2933 319 3001 turn‚’
330 2932 388 2988 and
400 2931 438 2986 ib.
452 2931 547 2989 Tiber.
560 2933 595 3002 76
608 2939 615 2964 ⁸
626 2945 828 2990 testamentum
847 2935 959 3007 duplex,
972 2935 1074 2990 eodem
1091 2935 1238 3005 exemplo!
1274 2936 1331 2990 For
1342 2935 1392 2991 the

240 3014 382 3084 necessity
392 3013 503 3071 oleseh
516 3032 588 3087 copy
597 3016 683 3087 being
694 3017 824 3087 sormally
834 3018 971 3073 executed
984 3035 1032 3074 see
1046 3017 1113 3087 Dig.
1124 3030 1168 3086 37.
1182 3033 1221 3072 11.
1234 3033 1256 3074 1.
1267 3029 1283 3085 7
1297 3016 1336 3072 ‘si
1347 3059 1354 3073 .
1365 3055 1392 3074 ..

240 3114 328 3153 unum
349 3097 447 3154 fecerit
465 3109 583 3155 testator
602 3099 683 3172 quasi
702 3110 912 3169 testamentum,
931 3100 1009 3156 aliud
1028 3100 1108 3171 quasi
1127 3102 1287 3172 exemplum
1307 3100 1361 3170 (ie.
1374 3117 1393 3156 a

240 3199 318 3237 mere
336 3198 418 3253 copy,
430 3181 547 3238 without
566 3183 740 3240 observante
758 3184 792 3238 os
807 3185 891 3255 form)
909 3184 932 3239 si
954 3193 1031 3240 extat
1050 3184 1127 3256 quod
1145 3184 1306 3255 exemplum
1322 3193 1391 3254 erat,

240 3265 380 3321 bonorum
393 3265 537 3336 possessio
550 3267 607 3338 peti
621 3284 678 3322 non
691 3267 812 3339 poterit!

276 3349 292 3417 §
305 3351 350 3404 14
372 3350 405 3404 ln
420 3349 542 3406 Cicero’s
558 3350 627 3406 tIme
640 3367 677 3406 no
690 3351 750 3406 oral
763 3350 818 3406 will
836 3349 895 3406 had
913 3367 970 3420 any
982 3348 1115 3421 validity:
1134 3349 1163 3405 in
1175 3351 1256 3406 Verr.
1268 3364 1294 3406 a.
1311 3365 1334 3405 1.
1345 3351 1390 3420 48,

239 3433 333 3488 where
341 3433 377 3488 be
386 3449 503 3490 accuses
512 3435 615 3490 Verres
625 3435 657 3489 of
663 3434 819 3505 promising
828 3435 967 3488 bonorum
977 3433 1121 3505 possessio
1129 3435 1221 3491 where
1230 3451 1268 3490 no
1278 3434 1392 3490 tabulae

240 3516 403 3572 testamenti
424 3534 498 3572 were
517 3517 663 3586 produced
684 3519 723 3587 by
744 3518 793 3573 the
814 3517 978 3588 applicant;
1003 3517 1038 3574 cl.
1060 3518 1096 3573 de
1118 3529 1187 3575 orat.
1212 3533 1234 3574 1.
1254 3532 1298 3587 43.
1335 3519 1391 3574 But

242 3597 395 3653 Suetonius
410 3597 438 3652 in
455 3599 500 3654 his
519 3599 566 3654 life
585 3599 618 3653 ol
633 3601 747 3656 Horace
760 3617 826 3670 says
840 3600 959 3656 ‘herede
972 3601 1100 3670 Augusto
1113 3601 1208 3671 palam
1220 3610 1391 3670 nuncupato,

241 3697 315 3749 cum,
334 3691 451 3750 urgente
472 3681 499 3736 vi
520 3682 696 3752 valetudinis,
715 3699 773 3738 non
792 3683 932 3738 sufficeret
954 3683 992 3738 ad
1013 3683 1206 3754 obsignandas
1226 3682 1390 3740 testamenti

241 3763 353 3819 tabulas
365 3764 387 3828 ;’
399 3763 457 3818 and
469 3764 498 3818 in
510 3763 559 3819 the
572 3764 641 3820 time
653 3765 686 3819 ol
695 3765 809 3835 Trajan,
823 3781 855 3820 as
868 3781 988 3836 appears
1005 3765 1078 3820 from
1095 3767 1144 3822 the
1161 3766 1279 3837 rescript
1292 3765 1320 3821 in
1334 3765 1391 3821 Tit.

244 3859 285 3901 11.
301 3861 312 3900 1
328 3845 385 3912 ini,
404 3847 463 3902 oral
476 3847 545 3902 wills
564 3864 637 3903 were
655 3849 791 3918 perlectly
803 3849 904 3919 lawlul,
923 3849 958 3905 cl.
972 3849 1039 3919 Dig.
1053 3864 1097 3920 29.
1110 3862 1136 3918 7.
1150 3864 1203 3908 20:
1222 3850 1261 3921 by
1272 3849 1391 3906 medem

237 3929 348 3986 writers
361 3929 428 3999 they
440 3947 489 3986 are
501 3931 593 3986 called
605 3931 806 4002 nuncupative.
1306 3985 1310 3992 ,

278 4013 397 4069 Resides
409 4015 457 4070 the
470 4013 578 4084 private
590 4015 677 4070 forms
690 4016 805 4085 already
816 4014 940 4084 noticed,
950 4033 968 4071 a
980 4016 1035 4070 will
1047 4015 1138 4086 might
1150 4015 1187 4072 be
1200 4015 1311 4086 publice
1324 4031 1391 4070 con·

240 4097 347 4154 sectum
365 4097 455 4152 either
468 4097 506 4168 (1)
519 4097 558 4168 by
577 4097 662 4168 being
680 4099 807 4153 oblatum
825 4109 855 4154 to
874 4099 922 4154 the
941 4116 1072 4170 emperor
1089 4101 1128 4170 by
1139 4099 1267 4170 petition,
1281 4099 1353 4156 Cod.
1365 4099 1392 4154 6.

242 4197 285 4250 23.
302 4195 341 4252 19,
354 4198 386 4235 or
400 4179 438 4252 (2)
452 4182 491 4252 by
508 4198 527 4237 a
545 4191 697 4238 statement
715 4183 748 4238 of
762 4182 798 4238 its
817 4193 955 4252 contents,
969 4184 1079 4252 usually
1095 4181 1299 4254 accompanied
1317 4183 1356 4252 by
1374 4199 1392 4236 a

241 4282 323 4336 copy,
336 4264 422 4335 being
433 4265 518 4320 made
530 4275 560 4321 to
573 4283 591 4321 a
600 4266 696 4338 judge,
709 4267 772 4321 who
785 4266 902 4322 entered
914 4283 932 4321 a
944 4265 1052 4322 minute
1065 4266 1178 4323 thereos
1186 4265 1216 4322 in
1228 4267 1276 4322 the
1288 4265 1392 4322 official

241 4359 315 4417 acta,
329 4349 400 4404 Cod.
412 4350 465 4404 loc.
478 4349 525 4404 cit.
540 4350 580 4405 18.

277 4435 336 4488 ll'lt.
350 4434 408 4488 211.
420 4447 467 4498 pr.
487 4433 549 4488 The
561 4431 767 4505 exemptiones
775 4432 894 4491 soldIers
906 4433 979 4490 from
989 4433 1037 4490 the
1047 4431 1180 4505 ordinary
1188 4431 1392 4506 requirements
