3148 5024
242 322 307 385 402
440 314 543 370 INSY
541 314 589 368 IT
591 313 646 368 UT
644 311 790 370 1011th
806 310 927 366 LIBRI
945 310 1028 382 QUA
1035 312 1062 366 T
1063 312 1091 366 Τ
1092 311 1180 372 UOR.
1266 310 1331 378 [Lib.
1347 313 1395 364 ill.

211 480 363 546 teadem
385 479 497 544 omnia
520 478 633 562 repeti,
650 497 736 560 quae
758 476 932 560 stipulator
955 477 1164 560 expresserit.
1217 475 1304 541 Item
1321 474 1393 538 inu-

245 583 313 648 tilis
336 593 386 648 est
409 583 588 666 stipulatio,
611 583 639 644 si
661 582 704 645 ab
727 602 767 646 eo
787 583 961 663 stipuleris,
983 583 1040 664 qui
1062 582 1121 645 iuri
1144 591 1203 646 tuo
1226 579 1393 644 subiectus

245 697 305 765 est,
326 687 380 751 vel
403 687 429 750 si
453 688 480 750 is
502 707 522 750 a
545 696 579 750 te
601 686 785 769 stipuletur.
822 686 881 750 sed
904 706 1016 750 servus
1038 686 1172 768 quidem
1196 703 1262 747 non
1285 683 1392 747 solum

134 787 137 794 '
245 792 382 856 domiuo
397 811 457 854 suo
477 790 616 873 obligari
639 811 704 853 non
727 798 847 872 potest,
864 791 924 856 sed
945 809 987 853 ne
1009 789 1064 854 alii
1083 789 1219 872 quidem
1234 786 1310 851 ulli:
1333 786 1392 850 filii

215 897 323 958 ivero
345 895 486 958 familias
506 893 578 958 aliis
601 893 740 976 obligari
761 904 908 976 possunt.
954 895 1088 958 Mutum
1111 912 1220 974 neque
1242 889 1391 973 stipulari

246 1019 354 1080 neque
369 998 562 1082 promittere
576 1017 674 1080 posse
689 998 800 1080 palam
813 1007 872 1062 est.
904 999 994 1080 quod
1011 1007 1044 1061 et
1060 998 1092 1060 in
1108 997 1209 1060 surdo
1225 1003 1392 1076 receptum

245 1111 315 1166 est:
339 1103 416 1185 quia
443 1111 477 1165 et
507 1101 535 1164 is
561 1101 617 1183 qui
643 1101 818 1184 stipulatur
842 1102 944 1166 verba
969 1101 1194 1184 promittentis
1220 1109 1253 1162 et
1280 1099 1307 1162 is
1338 1097 1393 1179 qui

245 1207 411 1290 promittit
430 1207 532 1270 verba
554 1205 741 1288 stipulantis
763 1206 876 1270 audire
900 1207 1010 1270 debet.
1055 1206 1144 1269 unde
1164 1211 1303 1286 apparet
1324 1221 1390 1264 non

246 1309 289 1372 de
305 1331 345 1373 eo
361 1329 421 1372 nos
436 1309 527 1390 loqui
543 1309 599 1391 qui
615 1309 740 1372 tardius
757 1309 904 1385 exaudit,
921 1311 980 1374 sed
992 1309 1035 1373 de
1051 1308 1162 1391 coqui
1178 1308 1312 1370 omnino
1328 1324 1394 1369 non

216 1413 394 1477 Sexaudit.
439 1411 595 1476 Furiosus
618 1411 744 1476 nullum
766 1414 935 1495 negotium
957 1433 1071 1495 gerere
1093 1420 1212 1496 potest,
1228 1410 1305 1494 quia
1328 1428 1394 1471 non

248 1676 296 1744 ita,
317 1678 454 1733 Kalendis
474 1675 611 1732 Ianuariis
632 1677 676 1732 vel
693 1675 853 1732 Februariis
873 1675 933 1732 dari
954 1675 1087 1747 spondes,
1109 1673 1227 1747 perinde
1245 1683 1289 1730 est
1314 1673 1394 1746 quasi

249 1761 387 1816 Kalendis
402 1761 561 1815 Februariis
575 1761 723 1831 stipulatus
737 1760 808 1816 sim’
823 1759 889 1830 Dig.
902 1773 944 1829 45.
962 1775 984 1814 1.
1001 1774 1039 1814 12.

283 1847 298 1912 §
313 1848 340 1900 θ.
361 1844 449 1900 Gaius
463 1861 528 1914 says
543 1843 591 1914 (iii.
608 1845 668 1912 104)
681 1845 742 1899 that
755 1861 773 1898 a
785 1861 888 1915 person
905 1844 934 1898 in
953 1842 1096 1914 mancipio
1114 1842 1273 1898 resembled
1286 1861 1304 1898 a
1316 1842 1394 1898 slave

247 1927 276 1984 in
289 1927 376 1997 being
387 1929 491 1983 unable
504 1938 533 1982 to
546 1927 626 1982 incur
638 1946 674 1982 an
687 1928 842 1996 obligation
855 1937 885 1982 to
897 1945 954 1997 any
966 1945 1029 1982 one.
1066 1928 1112 1980 All
1129 1927 1190 1982 that
1208 1926 1232 1980 is
1245 1937 1342 1982 meant
1357 1927 1395 1995 by

247 2013 295 2068 the
309 2023 366 2068 text
379 2012 404 2066 is
416 2013 477 2067 that
490 2013 617 2066 between
631 2010 769 2066 domestic
782 2010 908 2081 superior
921 2010 978 2066 and
993 2009 1107 2064 inferior
1120 2011 1199 2064 there
1211 2010 1295 2064 could
1307 2009 1343 2064 be
1355 2027 1394 2064 no

247 2095 337 2152 civilis
350 2095 486 2164 obligatio
498 2116 505 2162 ;
522 2095 573 2150 but
587 2095 611 2150 if
619 2113 636 2150 a
648 2103 729 2165 pater
741 2093 893 2164 stipulated
906 2094 978 2148 from
993 2093 1038 2148 his
1055 2110 1116 2162 son,
1130 2111 1163 2148 or
1175 2111 1192 2148 a
1204 2103 1310 2148 master
1322 2093 1394 2147 from

247 2180 292 2236 his
305 2181 391 2248 slave,
402 2180 512 2235 theson
522 2196 554 2232 or
564 2180 641 2233 slave
651 2195 708 2232 was
718 2178 815 2231 bound
824 2177 979 2247 ‘naturally
988 2179 1006 2242 ;’
1025 2178 1120 2248 ‘patre
1130 2195 1147 2232 a
1156 2177 1214 2232 filio
1223 2178 1267 2232 vel
1277 2175 1394 2230 domiuo

248 2280 266 2318 a
279 2281 360 2318 servo
374 2263 507 2334 stipulatu
521 2262 669 2317 fideiussor
680 2271 814 2331 acceptus
826 2263 951 2316 tenetur'
965 2260 1031 2331 Dig.
1041 2262 1084 2328 46.
1098 2277 1118 2316 1.
1132 2261 1171 2330 56.
1186 2277 1196 2314 1
1211 2281 1219 2327 ;
1237 2261 1273 2315 cf.
1286 2260 1342 2315 Tit.
1352 2275 1397 2314 20.

251 2361 263 2402 1
278 2346 343 2410 inf.;
364 2346 392 2400 in
406 2348 454 2400 the
467 2361 602 2400 converse
616 2361 681 2398 case
694 2343 714 2398 it
728 2360 821 2398 seems
833 2344 905 2398 from
920 2344 986 2413 Dig.
999 2346 1052 2398 loc.
1061 2344 1106 2398 cit.
1116 2345 1177 2399 that
1190 2361 1227 2398 no
1240 2343 1395 2413 obligation

248 2429 282 2484 of
289 2445 346 2499 any
358 2437 416 2483 sort
429 2428 560 2483 resulted.
599 2428 748 2482 Contracts
765 2427 850 2482 made
864 2427 903 2497 by
915 2445 933 2482 a
947 2427 1141 2484 filiusfamilias
1160 2427 1225 2482 with
1239 2429 1321 2482 other
1331 2445 1393 2498 per·

248 2529 316 2567 sons
335 2512 403 2567 than
422 2513 467 2566 his
486 2521 567 2582 pater
584 2510 681 2564 bound
700 2510 758 2564 him
777 2511 896 2566 civiliter
912 2513 1025 2581 always,
1043 2513 1087 2567 ‘et
1107 2513 1145 2566 ob
1161 2511 1191 2566 id
1209 2511 1254 2582 agi
1275 2529 1339 2566 cum
1358 2529 1394 2567 eo

249 2607 386 2666 tauquam
411 2613 476 2650 curn
500 2593 703 2665 patrefamilias
727 2597 836 2664 potest’
861 2595 927 2665 Dig.
947 2611 990 2663 44.
1012 2610 1036 2664 7.
1054 2611 1107 2666 39;
1131 2595 1181 2650 but
1200 2613 1219 2651 a
1240 2596 1317 2650 slave
1337 2613 1395 2652 was

247 2679 345 2734 bound
358 2681 425 2747 only
437 2678 601 2732 naturaliter
612 2677 651 2747 by
663 2687 805 2734 contracts
818 2697 888 2734 even
902 2679 969 2736 with
982 2679 1115 2750 extranei,
1128 2679 1186 2734 and
1198 2681 1246 2735 the
1259 2679 1396 2750 obligatio

248 2763 379 2820 incurred
397 2763 435 2831 by
448 2779 484 2816 an
501 2771 650 2816 extraneus
667 2779 724 2816 was
744 2762 804 2817 also
820 2763 955 2819 naturalis
974 2765 1049 2832 only,
1061 2779 1094 2817 so
1112 2764 1174 2818 that
1192 2764 1241 2818 the
1260 2763 1392 2818 domiuus

249 2845 333 2900 could
349 2854 400 2899 not
418 2862 468 2898 sue
485 2861 560 2914 upon
574 2844 612 2898 it:
633 2843 683 2898 ‘ex
701 2845 893 2900 contractibus
906 2844 1002 2918 [servi]
1019 2846 1137 2902 civiliter
1149 2863 1207 2900 non
1224 2846 1394 2917 obligantur,

249 2929 301 2984 sed
314 2927 478 2983 naturaliter
489 2937 516 2982 et
530 2927 690 2997 obligantur
702 2939 729 2983 et
742 2929 884 2999 obligant'
898 2929 964 3000 Dig.
977 2945 1019 2996 44.
1034 2943 1059 2998 7.
1076 2946 1115 2998 14.
1147 2929 1220 2986 Civil
1238 2930 1395 3000 obligation

248 3013 376 3067 between
397 3011 598 3082 paterfamilias
617 3013 674 3066 and
693 3012 766 3068 filius
785 3031 878 3069 seems
897 3023 927 3068 to
944 3016 1018 3070 have
1034 3015 1106 3070 been
1126 3015 1280 3084 prevented
1298 3015 1336 3084 by
1348 3015 1399 3070 the

249 3096 353 3152 latter’s
372 3107 446 3152 want
465 3095 498 3150 of
512 3095 687 3166 proprietary
704 3097 799 3166 right;
817 3099 899 3152 when
918 3099 966 3154 the
985 3097 1146 3169 incapacity
1164 3115 1222 3154 was
1243 3101 1335 3168 partly
1352 3115 1396 3154 re-

249 3180 361 3247 moved,
381 3181 430 3236 the
450 3181 509 3235 rule
531 3197 588 3235 was
608 3197 659 3250 pro
679 3191 759 3235 tanto
777 3180 860 3250 given
881 3199 927 3251 up,
947 3182 1005 3236 and
1024 3182 1053 3236 in
1075 3192 1186 3253 respect
1208 3183 1241 3237 of
1255 3183 1397 3251 peculium

250 3275 393 3320 castrense
415 3266 494 3320 there
515 3264 599 3318 could
623 3263 659 3320 be
681 3263 745 3319 civil
766 3264 921 3335 obligatior
946 3266 1004 3322 and
1028 3267 1231 3338 consequently
1253 3265 1392 3336 litigation

249 3350 377 3405 between
395 3349 492 3404 them:
511 3348 561 3404 ‘lis
579 3349 657 3403 nulla
675 3349 758 3405 nobis
776 3367 840 3405 esse
857 3359 950 3420 potest
968 3367 1033 3406 cum
1051 3367 1086 3406 eo
1105 3368 1189 3422 quem
1208 3351 1237 3407 in
1255 3360 1398 3421 potestate

250 3433 397 3500 habemus,
409 3431 464 3487 nisi
478 3449 512 3488 ex
524 3432 661 3488 castrensi
674 3433 800 3502 peculio‘
813 3433 878 3503 Dig.
892 3445 914 3503 5.
931 3449 953 3488 1.
965 3449 982 3502 4
994 3452 1001 3502 ;
1020 3435 1054 3490 cf.
1066 3433 1130 3505 Dig.
1149 3436 1189 3490 18.
1204 3449 1227 3493 1.
1238 3449 1265 3488 2.
1274 3451 1313 3506 pr.
1326 3453 1335 3501 ;
1352 3447 1398 3501 47.

252 3531 277 3571 2.
293 3529 334 3585 52.
350 3517 412 3584 4-6.
459 3517 493 3570 ln
512 3527 622 3586 respect
641 3518 674 3571 of
691 3517 832 3587 peculium
851 3517 1037 3574 adventitium
1056 3517 1113 3573 this
1133 3517 1286 3574 relaxatiou
1306 3519 1330 3574 is
1346 3527 1397 3574 not

252 3598 419 3668 recognised
432 3597 461 3653 in
473 3600 522 3654 the
535 3599 708 3656 authorities.

289 3685 346 3749 98.
365 3683 428 3736 The
449 3681 610 3751 incapacity
631 3683 664 3736 of
683 3682 804 3738 furiosus
828 3694 858 3740 to
880 3693 1007 3740 contract
1029 3683 1053 3740 is
1075 3684 1104 3740 in
1125 3685 1225 3756 reality
1245 3685 1335 3741 based
1359 3703 1398 3742 on

253 3763 413 3835 incapacity
431 3762 464 3817 of
477 3763 590 3833 willing,
608 3780 640 3818 or
658 3765 691 3818 of
705 3765 799 3821 action
817 3768 954 3838 entailing
972 3769 1046 3838 legal
1067 3786 1285 3840 consequences,
1304 3771 1401 3825 rather

253 3848 323 3903 than
336 3864 373 3901 on
386 3846 479 3902 defect
492 3847 525 3900 of
538 3845 734 3917 intelligence:
753 3849 913 3921 ‘furiosum
926 3852 986 3907 sive
1002 3851 1158 3922 stipuletur,
1172 3853 1231 3908 sive
1243 3854 1398 3924 promittat,

252 3929 323 3986 nihil
341 3947 425 3999 agere
443 3939 545 3986 natura
562 3929 744 3987 manifestum
756 3944 807 3989 est.
846 3935 922 3990 Huic
939 3935 1083 4006 proximus
1101 3946 1154 4004 est,
1166 3947 1196 3992 ut
1215 3937 1341 3992 nondum
1359 3935 1401 3990 in·

253 4014 377 4082 tellegat,
390 4011 458 4083 quid
471 4023 580 4082 agatur,
592 4012 644 4068 sed
656 4014 733 4084 quod
745 4016 783 4070 ad
795 4017 870 4072 hunc
882 4017 1032 4088 benignius
1045 4029 1194 4088 acceptum
1206 4029 1257 4088 est,
1271 4035 1338 4074 nam
1351 4020 1399 4090 qui

253 4096 330 4168 loqui
343 4107 445 4168 potest,
456 4095 579 4151 creditur
589 4107 616 4152 et
626 4096 752 4167 stipulari
766 4110 794 4154 et
807 4101 970 4169 promittere
983 4101 1083 4171 posse'
1097 4101 1160 4169 Dig.
1170 4117 1213 4168 44.
1223 4114 1247 4169 7.
1262 4116 1326 4158 1.12
1340 4103 1398 4158 and

256 4195 297 4250 13,
311 4179 355 4234 ‘in
365 4180 487 4250 negotiis
499 4181 700 4236 contrahendis
712 4181 769 4238 alia
778 4199 865 4238 causa
876 4183 975 4240 habita
987 4195 1030 4240 est
1043 4184 1219 4254 furiosorum,
1229 4185 1285 4240 alia
1294 4203 1401 4256 eorum,

254 4263 302 4336 qui
315 4263 366 4318 fari
379 4273 506 4334 possunt,
520 4263 648 4334 quamvis
661 4275 756 4320 actum
769 4266 808 4321 rei
820 4283 878 4321 non
894 4267 1100 4336 intelligerent:
1121 4285 1190 4324 nam
1206 4269 1327 4324 furiosus
1339 4269 1402 4324 nul·

254 4347 313 4402 lum
334 4345 480 4415 negotium
500 4347 666 4402 contrahere
687 4359 789 4419 potest,
811 4349 934 4421 pupillus
955 4350 1051 4406 omnia
1072 4361 1164 4407 tutore
1182 4361 1297 4407 auctore
1316 4369 1403 4422 agere

254 4429 363 4506 potest’
376 4428 529 4502 Dig.42.1.
539 4441 563 4504 5.
601 4430 794 4504 Dispositions
807 4433 891 4490 made
903 4434 942 4506 by
951 4449 970 4492 a
980 4433 1101 4490 hariosus
1114 4434 1143 4490 in
1156 4453 1174 4491 a
1186 4435 1262 4492 lucid
1274 4446 1403 4494 moment
