3078 5020
245 305 306 373 126
448 312 598 370 INSTIT
601 313 656 368 UT
654 312 799 368 IONUM
817 312 938 367 LIBRI
957 312 1194 384 QUATTUOR.
1297 315 1362 381 [Lib.
1374 321 1394 370 l.

212 488 430 544 9sororemve
452 475 496 542 ex
520 479 730 543 matrimonio
756 487 873 562 postea
897 487 1067 542 contracto
1093 488 1199 543 natos.
1246 477 1282 544 Si
1309 501 1396 544 uxor

243 593 300 646 tua
322 593 398 666 post
421 583 595 645 divortium
617 603 660 645 ex
684 582 749 646 alio
776 583 876 646 liliam
900 583 1127 664 procreaverit,
1149 581 1231 646 haec
1254 603 1319 646 non
1343 597 1396 648 est

242 687 375 769 quidem
390 686 539 769 privigna
554 695 629 750 tua:
653 687 712 750 sed
729 687 875 750 lulianus
891 685 1077 750 huiusmodi
1092 688 1214 768 nuptiis
1230 687 1396 751 abstinere

242 791 363 854 debere
393 792 458 853 ait:
496 809 574 852 nam
604 811 664 854 nec
694 811 849 873 sponsam
877 791 934 853 filii
961 811 1077 853 nurum
1104 811 1177 854 csse
1203 811 1264 854 nec
1291 793 1396 874 patris

232 912 399 975 ‘sponsam
415 913 589 957 novercam
606 915 686 972 esse,
702 895 820 981 rectius
836 904 947 957 tamen
964 905 998 958 et
1014 895 1081 958 iure
1096 893 1239 958 facturos
1254 917 1321 970 eos,
1337 896 1395 976 qui

197 1001 230 1054 10
242 997 430 1062 huiusmodi
453 999 575 1080 nuptiis
598 1021 633 1064 se
655 999 881 1063 abstinuerint.
929 999 1015 1062 Illud
1039 1009 1164 1064 certum
1187 1009 1238 1062 est
1261 999 1395 1063 serviles

242 1121 374 1184 quoque
396 1104 609 1184 cognationes
632 1103 871 1185 impedimento
894 1125 966 1168 esse
988 1104 1120 1184 nuptiis,
1142 1103 1169 1166 si
1192 1103 1276 1166 forte
1299 1114 1396 1186 pater

197 1214 227 1267 ll
243 1215 277 1269 et
301 1207 368 1271 lilia
390 1218 447 1272 aut
471 1207 571 1272 frater
587 1217 621 1271 et
644 1228 734 1272 soror
756 1209 948 1272 manumissi
972 1207 1101 1270 fuerint.
1147 1205 1234 1270 Sunt
1255 1216 1289 1270 et
1309 1207 1395 1271 aliae

242 1331 412 1393 personae,
434 1333 519 1394 quae
544 1321 680 1395 propter
705 1313 850 1376 diversas
877 1314 1019 1377 rationes
1046 1313 1175 1394 nuptias
1200 1311 1396 1375 contrahere

243 1415 467 1496 prohibentur,
490 1437 571 1497 quas
597 1417 630 1478 in
660 1416 750 1482 libris
776 1417 979 1500 digestorum
1007 1437 1064 1480 seu
1088 1419 1325 1500 pandectarum
1350 1437 1395 1480 ex

242 1519 345 1581 veteri
368 1519 436 1581 iure
457 1519 668 1584 collectarum
692 1522 872 1584 enumerari
895 1521 1111 1603 permisimus.

197 1638 231 1692 12
289 1620 325 1685 Si
340 1623 495 1686 adversus
523 1645 562 1686 ea
588 1645 672 1706 quae
702 1625 848 1688 diximus
872 1625 972 1708 aliqui
1002 1625 1147 1698 coierint,
1175 1645 1237 1688 nec
1260 1625 1310 1686 vir
1334 1645 1395 1688 nec

243 1747 329 1788 uxor
357 1747 417 1790 nec
451 1729 587 1809 nuptiae
620 1749 681 1792 nec
715 1731 962 1792 matrimonium
996 1749 1057 1792 nec
1092 1729 1153 1791 dos
1183 1727 1395 1810 intellegitur.

244 1831 355 1912 itaque
378 1831 408 1909 ii,
429 1833 548 1913 quiex
573 1853 612 1895 eo
637 1833 724 1896 coitu
749 1843 934 1910 nascuntur,
957 1835 990 1895 in
1012 1841 1178 1916 potestate
1200 1832 1304 1914 patris
1327 1853 1395 1896 non

242 1944 327 2013 sunt,
343 1937 400 1998 sed
417 1935 500 2000 tales
523 1946 608 2015 sunt,
624 1946 784 2017 quantum
802 1938 844 1999 ad
866 1936 1006 2020 patriam
1023 1945 1222 2018 potestatem
1239 1935 1394 2019 pertinet,

242 2039 357 2120 quales
372 2049 447 2103 sunt
463 2041 492 2118 ii,
508 2062 591 2123 quos
607 2051 713 2103 mater
727 2041 825 2123 vulgo
841 2042 1000 2123 concepit.
1044 2061 1121 2104 nam
1139 2061 1197 2104 nec
1213 2039 1247 2102 hi
1264 2051 1396 2122 patrem

242 2143 364 2208 habere
381 2145 623 2228 intelleguntur,
643 2167 718 2209 curn
740 2146 767 2209 is
791 2148 891 2209 etiarn
914 2147 1057 2210 incertus
1079 2154 1149 2208 est:
1177 2146 1265 2209 unde
1286 2145 1397 2210 solent

243 2248 300 2312 filii
316 2251 414 2333 spurii
430 2249 599 2333 appellari,
615 2250 667 2313 vel
682 2271 702 2312 a
721 2249 848 2314 Graeca
861 2271 942 2314 voce
962 2252 1055 2332 quasi
1078 2247 1228 2328 σποράδην
1243 2254 1396 2333 concepti

243 2353 295 2416 vel
318 2356 410 2436 quasi
434 2357 505 2418 sine
527 2365 620 2437 patre
643 2354 708 2418 tilii.
759 2356 905 2437 sequitur
925 2375 1011 2438 erg0,
1035 2365 1071 2419 ut
1094 2365 1128 2418 et
1151 2353 1313 2419 dissoluto
1335 2354 1396 2418 tali

244 2458 332 2520 coitu
360 2478 419 2521 nec
450 2459 538 2521 dotis
567 2457 732 2521 exactioni
762 2457 853 2520 locus
882 2457 933 2520 sit.
988 2459 1043 2538 qui
1069 2467 1181 2522 autem
1211 2457 1396 2540 prohibitas

244 2561 375 2642 nuptias
397 2571 526 2640 coeunt,
552 2570 586 2624 et
612 2561 693 2625 alias
723 2582 845 2644 poenas
875 2561 1050 2645 patiuntur,
1074 2581 1158 2644 quae
1188 2563 1288 2625 sacris
1316 2581 1397 2625 con-

242 2665 468 2730 stitutionibus
490 2668 707 2730 continentur.

281 2853 295 2919 §
310 2855 355 2906 10.
376 2853 474 2906 Slaves
488 2869 560 2906 were
574 2852 722 2922 incapable
734 2853 767 2906 ol
775 2853 914 2923 marriage
928 2853 1023 2922 (sensu
1032 2851 1127 2923 legali>
1141 2853 1174 2907 ol
1182 2869 1240 2922 any
1251 2851 1330 2921 kind,
1343 2853 1395 2908 but

243 2953 262 2990 a
271 2945 437 3006 permanent
451 2935 617 2990 connection
631 2937 758 2991 between
766 2947 821 2991 two
835 2937 935 3004 slaves,
946 2954 977 2990 or
989 2954 1007 2991 a
1019 2939 1096 2991 slave
1109 2937 1167 2991 and
1181 2954 1199 2991 a
1211 2937 1269 2991 free
1281 2953 1395 3006 person,

244 3035 302 3072 was
321 3019 411 3073 called
427 3019 650 3088 contubernium,
671 3021 747 3074 Paul.
765 3030 836 3075 sent.
849 3037 904 3075 rec.
918 3035 943 3074 2.
960 3035 998 3089 19.
1012 3019 1038 3074 6.
1076 3021 1154 3075 Here
1167 3021 1216 3075 the
1229 3020 1340 3074 natural
1352 3035 1396 3073 re·

245 3102 334 3157 lation
353 3103 385 3156 ol
399 3103 490 3158 father
507 3103 564 3158 and
581 3103 657 3157 child
670 3121 727 3157 was
743 3113 773 3158 to
790 3121 869 3158 some
885 3113 981 3158 extent
997 3103 1183 3173 recognised:
1203 3121 1227 3158 e.
1234 3121 1259 3172 g.
1273 3120 1306 3157 as
1320 3102 1396 3157 iusta

243 3203 331 3241 causa
356 3186 585 3241 manumissionis
610 3187 700 3241 under
721 3187 769 3241 the
794 3188 838 3241 lex
863 3185 944 3241 Aelia
969 3186 1076 3256 Sentia,
1105 3187 1194 3242 Gaius
1213 3187 1231 3242 i.
1254 3201 1294 3256 19.
1339 3187 1396 3240 Ac·

243 3269 398 3340 cordingly,
421 3271 502 3325 when
525 3271 616 3325 slaves
639 3271 697 3324 had
717 3271 836 3324 become
858 3269 925 3338 free,
947 3270 1004 3324 and
1025 3271 1091 3325 thus
1116 3271 1235 3340 capable
1256 3271 1288 3324 ol
1310 3269 1396 3324 inter·

244 3354 392 3425 marriage,
406 3355 472 3423 they
485 3371 557 3408 were
570 3354 635 3409 held
648 3363 677 3408 to
690 3353 726 3409 be
739 3353 835 3408 within
849 3354 897 3408 the
910 3353 983 3407 rules
996 3371 1028 3407 as
1042 3364 1071 3408 to
1084 3353 1245 3424 prohibited
1258 3355 1389 3423 degrees.

281 3435 354 3506 §12¹
376 3437 510 3492 Children
526 3437 597 3491 born
615 3437 646 3490 ol
659 3455 677 3491 a
693 3435 861 3492 connection
875 3435 967 3491 which
979 3455 1036 3492 was
1052 3449 1102 3492 not
1119 3455 1137 3493 a
1154 3439 1228 3507 legal
1245 3436 1395 3507 marriage,

244 3520 335 3575 either
352 3521 475 3574 because
489 3519 510 3573 it
523 3538 579 3574 was
593 3520 753 3589 prohibited
772 3521 810 3590 by
823 3537 902 3575 some
920 3520 1040 3590 positive
1054 3523 1120 3590 rule,
1134 3538 1167 3575 or
1179 3522 1303 3575 because
1315 3521 1396 3576 there

245 3619 302 3656 was
321 3619 358 3656 no
376 3601 514 3655 maritalis
533 3602 652 3670 affectio,
666 3621 738 3658 were
755 3603 885 3672 deerned,
906 3621 938 3658 as
960 3621 978 3658 a
997 3605 1064 3672 rule,
1083 3613 1113 3658 to
1135 3605 1206 3658 have
1226 3620 1265 3658 no
1284 3603 1395 3658 father:

245 3684 345 3752 ‘vulgo
362 3684 492 3753 concepti
512 3683 649 3754 dicuntur,
663 3686 710 3756 qui
723 3697 833 3756 patrem
852 3687 1046 3741 demonstrare
1065 3704 1122 3741 non
1141 3699 1268 3757 possunt,
1283 3688 1327 3740 vel
1346 3685 1395 3757 qui

245 3776 363 3837 possunt
383 3765 506 3836 quidem,
524 3766 576 3821 sed
594 3783 659 3820 eum
678 3769 782 3823 habent
802 3787 887 3840 quem
906 3770 1011 3824 habere
1029 3785 1087 3822 non
1105 3768 1179 3839 licet,
1192 3769 1239 3840 qui
1260 3779 1288 3824 et
1307 3768 1395 3840 spurii

245 3850 423 3920 appellantur
439 3851 509 3919 παρὰ
527 3850 573 3918 τὴν
590 3852 702 3919 σποράν’
722 3852 786 3921 Dig.
805 3868 825 3907 1.
842 3866 865 3922 5.
879 3868 922 3921 23.
960 3853 1036 3908 Such
1055 3870 1073 3907 a
1090 3852 1259 3907 connection
1272 3853 1354 3908 when
1373 3852 1396 3908 it

245 3933 400 3988 amounted
418 3942 448 3987 to
467 3943 602 4002 stuprum,
619 3933 796 4004 adulterium,
816 3953 848 3990 or
866 3937 998 4004 incestus,
1011 3951 1069 3989 was
1086 3935 1188 3990 visited
1207 3936 1275 3992 with
1294 3953 1395 3991 severe

245 4016 384 4088 penalties
396 4017 434 4086 by
447 4017 495 4072 the
508 4017 552 4070 lex
566 4016 638 4071 lulia
650 4017 686 4072 de
699 4018 843 4073 adulteriis
858 4020 922 4089 (Bk.
932 4018 968 4073 iv.
982 4019 1022 4072 18.
1034 4033 1052 4085 4
1065 4017 1142 4088 inl.);
1161 4019 1305 4089 ‘stuprum
1317 4034 1395 4072 com-

244 4099 340 4168 mittit,
353 4100 400 4171 qui
414 4100 532 4154 liberam
550 4099 704 4170 mulierem,
717 4102 929 4158 consuetudinis
949 4119 1043 4172 causa,
1057 4120 1114 4158 non
1133 4101 1313 4170 matrimonii,
1327 4117 1395 4155 con-

245 4183 324 4252 tinet,
347 4195 465 4254 excepta
486 4183 617 4239 videlicet
635 4185 811 4240 concubina'
825 4186 891 4256 Dig.
903 4187 947 4254 48.
963 4199 986 4255 5.
1000 4201 1043 4254 34.
1061 4201 1081 4242 r.
1119 4189 1205 4241 From
1223 4184 1279 4240 this
1299 4183 1320 4238 it
1339 4184 1395 4238 will

244 4268 281 4322 be
292 4267 465 4323 understood
478 4269 538 4322 that
551 4268 764 4338 concubinatus,
775 4281 966 4340 apennanent
975 4269 1142 4324 connection
1152 4269 1268 4324 without
1280 4267 1395 4323 affectio

245 4349 391 4420 maritalis,
411 4367 468 4406 was
487 4368 504 4406 a
522 4351 641 4408 relation
660 4353 797 4410 tolerated
815 4354 853 4422 by
868 4353 942 4408 law:
964 4355 1013 4408 the
1032 4355 1159 4408 Romans
1172 4369 1223 4420 say
1235 4351 1269 4406 oi
1283 4351 1313 4420 it,
1328 4351 1395 4422 ‘per

245 4432 323 4504 leges
343 4450 447 4488 nomen
466 4435 637 4506 assumpsit’
656 4436 720 4506 Dig.
736 4449 778 4506 25.
793 4453 815 4503 3.
833 4451 866 4504 15
885 4435 903 4491 i.
911 4454 936 4493 e.
955 4436 976 4494 it
994 4439 1046 4492 has
1059 4435 1189 4494 received
1201 4436 1240 4507 by
1252 4445 1357 4492 statute
1376 4453 1395 4491 a
