3028 5016
156 296 206 345 Tr,
217 289 268 358 uu
560 286 621 342 us
642 286 924 347 INTERDICTIS.
1239 293 1302 362 597

155 453 207 532 sit,
230 452 306 517 licet
329 451 356 516 is
379 449 448 516 eius
471 450 530 514 iuri
554 451 720 516 subiectus
743 473 809 516 non
833 453 884 530 sit,
908 451 1014 534 qualis
1037 461 1088 516 est
1111 432 1247 516 colonus
1270 463 1304 516 et

157 556 351 640 inquilinus:
375 577 434 639 per
458 576 515 620 cos
541 575 684 638 quoque,
708 557 798 639 apud
824 577 908 640 quos
932 556 1122 639 deposuerit
1148 555 1221 639 quis
1245 561 1304 620 a'ut

156 662 275 743 quibus
306 660 574 736 commodaverit,
603 660 674 743 ipse
708 660 876 742 possidere
905 661 1052 724 videtur:
1086 669 1119 724 et
1149 657 1212 722 hoc
1244 671 1303 735 est,

155 764 245 846 quod
267 764 386 828 dicitur
403 764 542 828 retinere
565 763 804 846 possessionem
827 783 925 846 posse
945 764 1090 846 aliquem
1114 784 1173 846 per
1188 783 1304 846 quern·

155 869 246 945 libet,
261 867 317 951 qui
341 869 410 931 eius
433 867 566 930 nomine
588 868 632 931 sit
654 867 687 930 in
709 868 926 950 possessione.
971 867 1049 949 quin
1071 867 1172 930 etiam
1193 867 1305 930 animo

156 993 287 1055 quoque
303 971 432 1036 retineri
453 972 694 1053 possessionem
718 969 836 1054 placet,
853 971 885 1034 id
906 980 957 1035 est
973 979 1018 1049 ut,
1033 970 1182 1053 quamvis
1198 990 1304 1052 neque

156 1076 226 1158 ipse
241 1075 284 1138 sit
300 1074 332 1137 in
348 1075 553 1157 possessione
573 1095 680 1158 neque
702 1077 772 1138 eius
790 1075 923 1138 nomine
944 1073 1035 1150 alius,
1052 1083 1165 1138 tamen
1190 1074 1217 1136 si
1238 1094 1304 1136 non

155 1179 389 1262 relinquendae
410 1179 625 1261 possessionis
648 1179 768 1256 anim0,
793 1180 851 1243 sed
879 1188 995 1261 postea
1018 1197 1203 1241 reversurus
1228 1177 1304 1241 inde

155 1283 348 1362 discesserit,
369 1283 508 1347 retinere
530 1283 770 1365 possessionem
791 1282 929 1347 videtur.
975 1281 1113 1365 adipisci
1132 1301 1209 1344 vero
1228 1301 1303 1362 pos-

154 1387 334 1450 sessionem
357 1406 416 1468 per
434 1405 517 1468 quos
537 1386 654 1468 aliquis
673 1394 794 1469 potest,
811 1387 956 1450 secundo
977 1386 1061 1448 libro
1077 1385 1303 1468 exposuimus.

155 1510 215 1554 nec
231 1489 298 1552 ulla
313 1489 476 1554 dubitatio
497 1500 556 1568 est,
579 1490 658 1572 quin
681 1491 793 1554 animo
816 1490 887 1554 solo
908 1489 1150 1573 possessionem
1166 1488 1303 1570 adipisci

155 1613 255 1658 nemo
271 1601 391 1676 potest.
437 1593 688 1676 Reciperandae
699 1594 915 1677 possessionis
930 1614 1028 1658 causa
1044 1592 1128 1657 solet
1143 1591 1303 1668 interdici,
1316 1601 1334 1654 s

155 1698 182 1760 si
208 1697 282 1780 quis
308 1717 352 1760 ex
375 1697 581 1779 possessione
605 1697 697 1761 sundi
722 1697 774 1762 vel
801 1699 931 1762 aedium
956 1697 988 1760 vi
1014 1697 1162 1762 deiectus
1187 1695 1303 1760 fuerit:

155 1821 231 1864 nam
248 1801 278 1864 ei
294 1801 488 1884 proponitur
502 1800 713 1866 interdictum
730 1802 818 1866 unde
833 1803 874 1878 vi,
892 1821 951 1884 per
964 1801 1053 1885 quod
1070 1803 1096 1864 is
1113 1801 1169 1883 qui
1184 1799 1304 1862 deiecit

155 1905 284 1988 cogitur
298 1905 328 1968 ei
344 1903 514 1969 restituere
529 1905 780 1987 possessionem,
795 1907 873 1970 licet
894 1906 921 1968 is
940 1905 983 1970 ab
1004 1926 1044 1968 eo
1062 1904 1118 1987 qui
1133 1903 1165 1968 vi
1184 1903 1304 1968 deiecit

153 2009 186 2072 vi
208 2009 261 2072 vel
283 2008 368 2072 clam
394 2007 446 2072 vel
472 2008 617 2091 precario
639 2009 841 2090 possidebat.
894 2009 951 2074 sed
983 2030 1026 2073 ex
1056 2007 1156 2072 sacris
1182 2007 1304 2071 consti·

154 2111 345 2189 tutionibus,
362 2122 399 2176 ut
414 2133 513 2196 supra
529 2113 684 2188 diximus,
703 2113 730 2176 si
746 2114 819 2196 quis
835 2133 904 2177 rem
925 2113 1066 2196 pervim
1086 2110 1304 2194 occupaverit,

154 2217 182 2279 si
206 2215 340 2298 quidem
365 2215 399 2279 in
421 2216 516 2280 bonis
540 2218 610 2280 eius
632 2225 691 2296 est,
707 2217 854 2282 dominio
870 2217 940 2281 eius
962 2217 1114 2300 privatur,
1138 2215 1165 2278 si
1187 2215 1303 2294 aliena,

154 2329 231 2404 post
261 2321 330 2383 eius
360 2319 602 2384 restitutionem
634 2322 735 2384 etiam
763 2321 1029 2385 aestimationem
1059 2319 1105 2383 rei
1131 2319 1210 2382 dare
1235 2317 1303 2382 vim

153 2444 253 2507 passo
279 2423 496 2507 compellitur.
549 2425 605 2507 qui
635 2433 746 2489 autem
777 2423 920 2508 aliquem
948 2425 991 2490 de
1016 2421 1221 2508 possessione
1246 2441 1305 2506 per

153 2529 220 2591 vim
234 2528 396 2606 deiecerit,
409 2537 540 2593 tenetur
554 2527 629 2612 lege
645 2528 783 2594 Iuliade
797 2531 830 2593 vi
845 2529 972 2613 privata
985 2537 1042 2592 aut
1054 2529 1096 2592 de
1108 2527 1139 2591 vi
1151 2525 1302 2610 publica:

154 2633 213 2696 sed
237 2633 279 2696 de
300 2633 333 2696 vi
355 2631 492 2715 privata,
515 2633 542 2697 si
565 2634 636 2697 sine
658 2634 757 2697 armis
782 2633 850 2698 vim
876 2632 998 2711 iecerit,
1019 2631 1070 2695 sin
1092 2640 1204 2695 autem
1227 2649 1303 2693 cum

154 2735 253 2799 armis
269 2755 344 2799 eum
364 2735 406 2799 de
426 2737 631 2820 possessione
652 2737 825 2821 expulerit,
841 2737 883 2801 de
898 2737 929 2800 vi
950 2735 1092 2820 publica.
1136 2753 1302 2798 armorum

154 2849 266 2903 autem
296 2839 518 2922 appellatione
549 2861 614 2904 non
645 2841 751 2904 solum
782 2850 875 2905 scuta
906 2849 939 2904 et
970 2839 1098 2922 gladios
1128 2849 1161 2902 et
1191 2837 1304 2921 galeas

155 3095 201 3147 lll
217 3109 292 3164 supr.
329 3093 391 3148 The
410 3092 552 3164 following
571 3104 644 3150 texts
663 3093 717 3147 will
736 3096 802 3165 help
821 3105 850 3150 to
871 3095 1011 3150 elucidate
1032 3095 1080 3150 the
1105 3105 1219 3166 present
1238 3110 1302 3165 pas·

129 3189 131 3196 v
154 3181 241 3233 sage:

191 3246 258 3318 Dig.
271 3261 314 3315 41.
329 3262 384 3318 ²·9
403 3247 586 3318 ‘generaliter
605 3245 732 3320 quisquis
750 3247 866 3303 omnino
882 3257 979 3304 nostro
997 3247 1112 3303 nomine
1133 3247 1169 3303 sit
1191 3250 1223 3304 in
1237 3251 1302 3320 pos·

153 3333 280 3400 sessrbne,
299 3331 384 3386 veluti
409 3341 582 3401 procurator,
602 3332 714 3401 hospes,
733 3330 850 3401 amicus,
869 3348 921 3386 nos
941 3331 1085 3402 possedere
1102 3329 1248 3400 videmur,'
1265 3331 1302 3385 ib.

157 3429 223 3469 10.1
241 3413 332 3468 ‘aliud
345 3424 406 3470 est.
422 3457 428 3470 .
442 3455 449 3469 .
462 3453 469 3468 .
479 3415 629 3486 possedere,
649 3415 732 3485 longe
751 3413 828 3470 aliud
849 3416 880 3470 in
894 3415 1066 3486 possessione
1086 3416 1158 3483 esse,’
1176 3413 1216 3468 ib.
1230 3426 1271 3483 25.
1289 3429 1299 3469 1

154 3499 222 3554 ‘nec
231 3497 304 3553 inter
316 3499 447 3554 colonum
458 3507 486 3554 et
497 3515 608 3553 servum
619 3507 755 3568 nostrum,
766 3514 910 3569 perquem
920 3497 1130 3568 possessionem
1140 3497 1302 3566 retinemus,

153 3581 304 3654 quicquam
331 3582 464 3652 interest,'
483 3581 572 3638 Gaius
599 3581 633 3637 iv.
663 3595 711 3650 153
730 3581 901 3652 ‘quinetiam
926 3580 1051 3653 plerique
1076 3591 1184 3652 putant,
1206 3583 1303 3635 animo

154 3681 265 3737 quoque
278 3665 390 3746 retineri
404 3665 623 3738 possessionem,
633 3665 710 3736 quod
722 3675 882 3720 nostrorum
895 3664 972 3720 verbi
987 3665 1078 3734 gratia
1090 3665 1260 3720 aestivorum
1273 3675 1302 3720 et

154 3749 335 3805 hibernorum
354 3751 476 3806 saltuum
495 3749 592 3806 animo
612 3750 683 3818 solo,
701 3747 768 3820 quia
786 3747 966 3816 voluerimus,
979 3766 1013 3803 ex
1035 3767 1092 3820 quo
1110 3747 1301 3818 discessimus,

155 3833 263 3902 reverti,
290 3833 410 3889 retinere
436 3833 647 3904 possessionem
673 3831 836 3901 videamur,'
858 3833 934 3887 Paul.
949 3841 1019 3888 sent.
1034 3849 1089 3888 rec.
1104 3845 1126 3902 5.
1141 3847 1165 3888 2.
1182 3847 1192 3887 1
1209 3831 1302 3902 ‘(p0s-

155 3914 321 3983 sessionem)
344 3915 464 3970 retinere
485 3916 563 3970 nudo
585 3915 680 3970 animo
700 3932 859 3986 possumus,
883 3915 954 3970 sicut
980 3915 1008 3969 in
1034 3915 1151 3971 saltibus
1176 3914 1301 3970 hibernis

154 3997 324 4069 aestivisque
344 3997 497 4067 contingit,'
516 3997 583 4066 Dig.
596 4013 638 4065 41·
653 4013 677 4051 2.
691 4012 716 4065 3.
733 4013 743 4052 1
760 3997 929 4068 ‘apiscimur
954 3999 1164 4068 possessionem
1184 4015 1301 4069 corpore

154 4091 182 4136 et
195 4080 299 4150 animo,
312 4097 403 4152 neque
416 4097 466 4150 per
479 4097 509 4134 se
522 4079 626 4147 animo,
639 4090 686 4135 aut
699 4097 749 4150 per
762 4099 792 4136 se
806 4083 938 4151 corpore’
951 4081 989 4136 ib.
1003 4083 1028 4138 8.

190 4166 247 4220 For
258 4165 306 4220 the
320 4164 470 4220 difference
482 4165 610 4219 between
623 4163 739 4219 colonus
752 4164 808 4218 and
821 4164 973 4235 inquilinus
986 4181 1034 4220 see
1045 4181 1070 4234 p.
1081 4179 1134 4230 424
1143 4181 1218 4233 supr.
1238 4166 1300 4220 The

153 4247 296 4304 reference
317 4248 360 4302 sor
381 4246 549 4320 acquisition
571 4247 603 4302 os
623 4246 787 4318 possession
809 4247 930 4319 through
950 4249 1046 4303 others
1068 4247 1092 4302 is
1113 4257 1142 4302 to
1165 4247 1217 4301 Blr.
1234 4246 1261 4301 ii.
1275 4262 1298 4317 9.

153 4348 259 4403 ssupr.

190 4414 247 4488 §6.
268 4416 368 4472 Under
389 4417 437 4471 the
461 4415 540 4472 older
559 4416 611 4472 law
633 4415 712 4472 there
734 4432 806 4472 were
828 4426 882 4471 two
905 4413 1050 4472 interdicts
1072 4413 1115 4468 l'or
1136 4413 1300 4484 recovering
