<?xml version="1.0" encoding="UTF-8"?>
<!DOCTYPE html PUBLIC "-//W3C//DTD XHTML 1.0 Transitional//EN"
    "http://www.w3.org/TR/xhtml1/DTD/xhtml1-transitional.dtd">
<html xmlns="http://www.w3.org/1999/xhtml" xml:lang="en" lang="en">
 <head>
  <title>
</title>
<meta http-equiv="Content-Type" content="text/html;charset=utf-8" />
  <meta name='ocr-system' content='tesseract 3.04.00' />
  <meta name='ocr-capabilities' content='ocr_page ocr_carea ocr_par ocr_line ocrx_word'/>
</head>
<body>
  <div class='ocr_page' id='page_1' title='image "./imperatorisiust00moylgoog_0314.png"; bbox 0 0 3176 5022; ppageno 0'>
   <div class='ocr_carea' id='block_1_1' title="bbox 215 289 1363 382">
    <p class='ocr_par' dir='ltr' id='par_1_1' title="bbox 215 289 1363 382">
     <span class='ocr_line' id='line_1_1' title="bbox 215 289 1363 382; baseline -0.001 -31"><span class='ocrx_word' id='word_1_1' title='bbox 215 295 330 364; x_wconf 61' lang='lat' dir='ltr'>Tiasa]</span> <span class='ocrx_word' id='word_1_2' title='bbox 372 293 434 350; x_wconf 90' lang='lat' dir='ltr'>DE</span> <span class='ocrx_word' id='word_1_3' title='bbox 447 290 878 382; x_wconf 73' lang='lat' dir='ltr'>FIDaJCOMMJSSARIJS</span> <span class='ocrx_word' id='word_1_4' title='bbox 891 289 1253 348; x_wconf 79' lang='lat' dir='ltr'>HEREDITATIBUS.</span> <span class='ocrx_word' id='word_1_5' title='bbox 1300 300 1363 368; x_wconf 82' lang='lat'>299</span> 
     </span>
    </p>
   </div>
   <div class='ocr_carea' id='block_1_2' title="bbox 721 501 856 567">
    <p class='ocr_par' dir='ltr' id='par_1_2' title="bbox 721 501 856 567">
     <span class='ocr_line' id='line_1_2' title="bbox 721 501 856 567; baseline -0.007 0"><span class='ocrx_word' id='word_1_6' title='bbox 721 501 856 567; x_wconf 85' lang='lat' dir='ltr'><strong>XXIII.</strong></span> 
     </span>
    </p>
   </div>
   <div class='ocr_carea' id='block_1_3' title="bbox 397 691 1179 748">
    <p class='ocr_par' dir='ltr' id='par_1_3' title="bbox 397 691 1179 748">
     <span class='ocr_line' id='line_1_3' title="bbox 397 691 1179 748; baseline -0.004 -1"><span class='ocrx_word' id='word_1_7' title='bbox 397 697 448 747; x_wconf 82' lang='lat' dir='ltr'>DE</span> <span class='ocrx_word' id='word_1_8' title='bbox 470 693 842 748; x_wconf 80' lang='lat' dir='ltr'><strong>FIDEICOMMISSARIIS</strong></span> <span class='ocrx_word' id='word_1_9' title='bbox 865 691 1179 746; x_wconf 74' lang='lat' dir='ltr'><strong>HEREDITATIBUS.</strong></span> 
     </span>
    </p>
   </div>
   <div class='ocr_carea' id='block_1_4' title="bbox 210 855 1388 2614">
    <p class='ocr_par' dir='ltr' id='par_1_4' title="bbox 213 855 1359 1026">
     <span class='ocr_line' id='line_1_4' title="bbox 258 855 1359 939; baseline 0.002 -21"><span class='ocrx_word' id='word_1_10' title='bbox 258 855 355 920; x_wconf 92' lang='lat' dir='ltr'>Nunc</span> <span class='ocrx_word' id='word_1_11' title='bbox 378 865 585 922; x_wconf 90' lang='lat' dir='ltr'>transeamus</span> <span class='ocrx_word' id='word_1_12' title='bbox 607 858 650 922; x_wconf 93' lang='lat' dir='ltr'>ad</span> <span class='ocrx_word' id='word_1_13' title='bbox 671 856 936 922; x_wconf 87' lang='lat' dir='ltr'>fideicommissa·</span> <span class='ocrx_word' id='word_1_14' title='bbox 991 865 1025 921; x_wconf 94' lang='lat' dir='ltr'>et</span> <span class='ocrx_word' id='word_1_15' title='bbox 1047 857 1138 939; x_wconf 88' lang='lat' dir='ltr'>prius</span> <span class='ocrx_word' id='word_1_16' title='bbox 1161 857 1204 920; x_wconf 88' lang='lat' dir='ltr'>de</span> <span class='ocrx_word' id='word_1_17' title='bbox 1229 855 1359 922; x_wconf 91' lang='lat' dir='ltr'>heredi-</span> 
     </span>
     <span class='ocr_line' id='line_1_5' title="bbox 213 960 877 1026; baseline 0.003 -4"><span class='ocrx_word' id='word_1_18' title='bbox 213 960 338 1026; x_wconf 81' lang='lat' dir='ltr'>tatibus</span> <span class='ocrx_word' id='word_1_19' title='bbox 363 960 673 1026; x_wconf 82' lang='lat' dir='ltr'>frdeicommissariis</span> <span class='ocrx_word' id='word_1_20' title='bbox 696 961 877 1026; x_wconf 84' lang='lat' dir='ltr'>videamus</span> 
     </span>
    </p>

    <p class='ocr_par' dir='ltr' id='par_1_5' title="bbox 210 1062 1388 2614">
     <span class='ocr_line' id='line_1_6' title="bbox 256 1062 1388 1148; baseline 0.004 -20"><span class='ocrx_word' id='word_1_21' title='bbox 256 1062 436 1129; x_wconf 85' lang='lat' dir='ltr'>Sciendum</span> <span class='ocrx_word' id='word_1_22' title='bbox 463 1064 576 1148; x_wconf 90' lang='lat' dir='ltr'>itaque</span> <span class='ocrx_word' id='word_1_23' title='bbox 601 1075 652 1130; x_wconf 91' lang='lat' dir='ltr'>est</span> <span class='ocrx_word' id='word_1_24' title='bbox 675 1066 787 1129; x_wconf 91' lang='lat' dir='ltr'>omnia</span> <span class='ocrx_word' id='word_1_25' title='bbox 810 1063 1067 1129; x_wconf 86' lang='lat' dir='ltr'>fideicommissa</span> <span class='ocrx_word' id='word_1_26' title='bbox 1091 1064 1204 1147; x_wconf 92' lang='lat' dir='ltr'>primis</span> <span class='ocrx_word' id='word_1_27' title='bbox 1230 1074 1388 1146; x_wconf 91' lang='lat' dir='ltr'>tempo-1</span> 
     </span>
     <span class='ocr_line' id='line_1_7' title="bbox 213 1165 1360 1254; baseline 0.002 -26"><span class='ocrx_word' id='word_1_28' title='bbox 213 1165 301 1229; x_wconf 91' lang='lat' dir='ltr'>ribus</span> <span class='ocrx_word' id='word_1_29' title='bbox 323 1167 454 1232; x_wconf 88' lang='lat' dir='ltr'>infirma</span> <span class='ocrx_word' id='word_1_30' title='bbox 475 1189 556 1242; x_wconf 89' lang='lat' dir='ltr'>esse,</span> <span class='ocrx_word' id='word_1_31' title='bbox 577 1168 656 1254; x_wconf 91' lang='lat' dir='ltr'>quia</span> <span class='ocrx_word' id='word_1_32' title='bbox 678 1188 777 1233; x_wconf 93' lang='lat' dir='ltr'>nemo</span> <span class='ocrx_word' id='word_1_33' title='bbox 799 1169 921 1232; x_wconf 90' lang='lat' dir='ltr'>invitus</span> <span class='ocrx_word' id='word_1_34' title='bbox 943 1167 1122 1250; x_wconf 82' lang='lat' dir='ltr'><strong>cogebatur</strong></span> <span class='ocrx_word' id='word_1_35' title='bbox 1141 1178 1309 1249; x_wconf 90' lang='lat' dir='ltr'>praestare</span> <span class='ocrx_word' id='word_1_36' title='bbox 1326 1169 1360 1231; x_wconf 97' lang='lat' dir='ltr'>id</span> 
     </span>
     <span class='ocr_line' id='line_1_8' title="bbox 213 1267 1361 1356; baseline 0.002 -24"><span class='ocrx_word' id='word_1_37' title='bbox 213 1267 255 1332; x_wconf 96' lang='lat' dir='ltr'>de</span> <span class='ocrx_word' id='word_1_38' title='bbox 276 1289 342 1352; x_wconf 95' lang='lat' dir='ltr'>quo</span> <span class='ocrx_word' id='word_1_39' title='bbox 365 1280 499 1354; x_wconf 89' lang='lat' dir='ltr'>rogatus</span> <span class='ocrx_word' id='word_1_40' title='bbox 521 1283 611 1338; x_wconf 90' lang='lat' dir='ltr'>erat:</span> <span class='ocrx_word' id='word_1_41' title='bbox 641 1272 762 1355; x_wconf 91' lang='lat' dir='ltr'>quibus</span> <span class='ocrx_word' id='word_1_42' title='bbox 784 1272 872 1336; x_wconf 90' lang='lat' dir='ltr'>enim</span> <span class='ocrx_word' id='word_1_43' title='bbox 896 1292 962 1336; x_wconf 91' lang='lat' dir='ltr'>non</span> <span class='ocrx_word' id='word_1_44' title='bbox 984 1279 1138 1356; x_wconf 85' lang='lat' dir='ltr'>poterant</span> <span class='ocrx_word' id='word_1_45' title='bbox 1159 1270 1361 1336; x_wconf 82' lang='lat' dir='ltr'>hereditates</span> 
     </span>
     <span class='ocr_line' id='line_1_9' title="bbox 211 1373 1361 1462; baseline 0 -24"><span class='ocrx_word' id='word_1_46' title='bbox 211 1373 264 1440; x_wconf 86' lang='lat' dir='ltr'>vel</span> <span class='ocrx_word' id='word_1_47' title='bbox 293 1373 404 1458; x_wconf 89' lang='lat' dir='ltr'>legata</span> <span class='ocrx_word' id='word_1_48' title='bbox 437 1376 627 1462; x_wconf 88' lang='lat' dir='ltr'>relinquere,</span> <span class='ocrx_word' id='word_1_49' title='bbox 663 1379 690 1442; x_wconf 91' lang='lat' dir='ltr'>si</span> <span class='ocrx_word' id='word_1_50' title='bbox 727 1376 965 1462; x_wconf 89' lang='lat' dir='ltr'>relinquebant,</span> <span class='ocrx_word' id='word_1_51' title='bbox 993 1375 1071 1441; x_wconf 88' lang='lat' dir='ltr'>fidei</span> <span class='ocrx_word' id='word_1_52' title='bbox 1108 1376 1361 1440; x_wconf 86' lang='lat' dir='ltr'>committebant</span> 
     </span>
     <span class='ocr_line' id='line_1_10' title="bbox 211 1477 1361 1564; baseline 0 -22"><span class='ocrx_word' id='word_1_53' title='bbox 211 1497 334 1554; x_wconf 87' lang='lat' dir='ltr'>eorum,</span> <span class='ocrx_word' id='word_1_54' title='bbox 358 1479 416 1562; x_wconf 94' lang='lat' dir='ltr'>qui</span> <span class='ocrx_word' id='word_1_55' title='bbox 445 1500 563 1564; x_wconf 89' lang='lat' dir='ltr'>capere</span> <span class='ocrx_word' id='word_1_56' title='bbox 592 1503 636 1546; x_wconf 87' lang='lat' dir='ltr'>ex</span> <span class='ocrx_word' id='word_1_57' title='bbox 665 1489 867 1546; x_wconf 88' lang='lat' dir='ltr'>testamento</span> <span class='ocrx_word' id='word_1_58' title='bbox 896 1488 1069 1562; x_wconf 85' lang='lat' dir='ltr'>poterant:</span> <span class='ocrx_word' id='word_1_59' title='bbox 1107 1489 1141 1544; x_wconf 90' lang='lat' dir='ltr'>et</span> <span class='ocrx_word' id='word_1_60' title='bbox 1167 1479 1242 1542; x_wconf 91' lang='lat' dir='ltr'>ideo</span> <span class='ocrx_word' id='word_1_61' title='bbox 1267 1477 1361 1542; x_wconf 88' lang='lat' dir='ltr'>fidei-</span> 
     </span>
     <span class='ocr_line' id='line_1_11' title="bbox 212 1583 1359 1669; baseline 0 -23"><span class='ocrx_word' id='word_1_62' title='bbox 212 1584 387 1648; x_wconf 88' lang='lat' dir='ltr'>commissa</span> <span class='ocrx_word' id='word_1_63' title='bbox 406 1585 576 1669; x_wconf 91' lang='lat' dir='ltr'>appellata</span> <span class='ocrx_word' id='word_1_64' title='bbox 597 1596 683 1662; x_wconf 87' lang='lat' dir='ltr'>sunt,</span> <span class='ocrx_word' id='word_1_65' title='bbox 701 1587 779 1668; x_wconf 92' lang='lat' dir='ltr'>quia</span> <span class='ocrx_word' id='word_1_66' title='bbox 799 1585 891 1649; x_wconf 92' lang='lat' dir='ltr'>nullo</span> <span class='ocrx_word' id='word_1_67' title='bbox 904 1583 1036 1648; x_wconf 86' lang='lat' dir='ltr'>vinculo</span> <span class='ocrx_word' id='word_1_68' title='bbox 1051 1583 1137 1659; x_wconf 89' lang='lat' dir='ltr'>iuris,</span> <span class='ocrx_word' id='word_1_69' title='bbox 1154 1583 1213 1647; x_wconf 88' lang='lat' dir='ltr'>sed</span> <span class='ocrx_word' id='word_1_70' title='bbox 1229 1592 1359 1648; x_wconf 89' lang='lat' dir='ltr'>tantum</span> 
     </span>
     <span class='ocr_line' id='line_1_12' title="bbox 211 1687 1360 1774; baseline 0.003 -26"><span class='ocrx_word' id='word_1_71' title='bbox 211 1687 338 1770; x_wconf 92' lang='lat' dir='ltr'>pudore</span> <span class='ocrx_word' id='word_1_72' title='bbox 358 1709 472 1754; x_wconf 91' lang='lat' dir='ltr'>eorum</span> <span class='ocrx_word' id='word_1_73' title='bbox 495 1691 552 1773; x_wconf 92' lang='lat' dir='ltr'>qui</span> <span class='ocrx_word' id='word_1_74' title='bbox 575 1691 777 1774; x_wconf 85' lang='lat' dir='ltr'>rogabantur</span> <span class='ocrx_word' id='word_1_75' title='bbox 796 1689 1059 1756; x_wconf 87' lang='lat' dir='ltr'>continebantur.</span> <span class='ocrx_word' id='word_1_76' title='bbox 1103 1696 1221 1772; x_wconf 90' lang='lat' dir='ltr'>postea</span> <span class='ocrx_word' id='word_1_77' title='bbox 1235 1688 1360 1771; x_wconf 91' lang='lat' dir='ltr'>primus</span> 
     </span>
     <span class='ocr_line' id='line_1_13' title="bbox 211 1791 1360 1876; baseline 0.003 -21"><span class='ocrx_word' id='word_1_78' title='bbox 211 1791 306 1856; x_wconf 90' lang='lat' dir='ltr'>divus</span> <span class='ocrx_word' id='word_1_79' title='bbox 330 1791 505 1875; x_wconf 90' lang='lat' dir='ltr'>Augustus</span> <span class='ocrx_word' id='word_1_80' title='bbox 530 1793 633 1860; x_wconf 92' lang='lat' dir='ltr'>semel</span> <span class='ocrx_word' id='word_1_81' title='bbox 660 1796 846 1876; x_wconf 88' lang='lat' dir='ltr'>iterumque</span> <span class='ocrx_word' id='word_1_82' title='bbox 870 1793 977 1876; x_wconf 88' lang='lat' dir='ltr'>gratia</span> <span class='ocrx_word' id='word_1_83' title='bbox 1002 1811 1216 1876; x_wconf 87' lang='lat' dir='ltr'>personarum</span> <span class='ocrx_word' id='word_1_84' title='bbox 1241 1800 1360 1870; x_wconf 91' lang='lat' dir='ltr'>motus,</span> 
     </span>
     <span class='ocr_line' id='line_1_14' title="bbox 210 1895 1360 1984; baseline -0.001 -23"><span class='ocrx_word' id='word_1_85' title='bbox 210 1895 262 1961; x_wconf 86' lang='lat' dir='ltr'>vel</span> <span class='ocrx_word' id='word_1_86' title='bbox 286 1898 364 1982; x_wconf 92' lang='lat' dir='ltr'>quia</span> <span class='ocrx_word' id='word_1_87' title='bbox 387 1918 447 1982; x_wconf 89' lang='lat' dir='ltr'>per</span> <span class='ocrx_word' id='word_1_88' title='bbox 469 1900 571 1984; x_wconf 92' lang='lat' dir='ltr'>ipsius</span> <span class='ocrx_word' id='word_1_89' title='bbox 596 1899 740 1966; x_wconf 87' lang='lat' dir='ltr'>salutern</span> <span class='ocrx_word' id='word_1_90' title='bbox 769 1907 904 1983; x_wconf 86' lang='lat' dir='ltr'>rogatus</span> <span class='ocrx_word' id='word_1_91' title='bbox 933 1898 1008 1982; x_wconf 89' lang='lat' dir='ltr'>quis</span> <span class='ocrx_word' id='word_1_92' title='bbox 1038 1898 1208 1974; x_wconf 90' lang='lat' dir='ltr'>diceretur,</span> <span class='ocrx_word' id='word_1_93' title='bbox 1232 1905 1292 1961; x_wconf 93' lang='lat' dir='ltr'>aut</span> <span class='ocrx_word' id='word_1_94' title='bbox 1315 1896 1360 1961; x_wconf 92' lang='lat' dir='ltr'>ob</span> 
     </span>
     <span class='ocr_line' id='line_1_15' title="bbox 211 1999 1358 2088; baseline -0.001 -25"><span class='ocrx_word' id='word_1_95' title='bbox 211 1999 374 2084; x_wconf 83' lang='lat' dir='ltr'>insignem</span> <span class='ocrx_word' id='word_1_96' title='bbox 390 2004 599 2085; x_wconf 89' lang='lat' dir='ltr'>quorundam</span> <span class='ocrx_word' id='word_1_97' title='bbox 615 2004 788 2088; x_wconf 88' lang='lat' dir='ltr'>perfidiam</span> <span class='ocrx_word' id='word_1_98' title='bbox 810 2003 905 2069; x_wconf 91' lang='lat' dir='ltr'>iussit</span> <span class='ocrx_word' id='word_1_99' title='bbox 924 2001 1114 2068; x_wconf 91' lang='lat' dir='ltr'>consulibus</span> <span class='ocrx_word' id='word_1_100' title='bbox 1128 2002 1358 2066; x_wconf 90' lang='lat' dir='ltr'>auctoritatem</span> 
     </span>
     <span class='ocr_line' id='line_1_16' title="bbox 210 2104 1360 2195; baseline 0 -26"><span class='ocrx_word' id='word_1_101' title='bbox 210 2125 305 2170; x_wconf 88' lang='lat' dir='ltr'>suam</span> <span class='ocrx_word' id='word_1_102' title='bbox 328 2105 545 2192; x_wconf 88' lang='lat' dir='ltr'>interponere.</span> <span class='ocrx_word' id='word_1_103' title='bbox 590 2111 680 2193; x_wconf 92' lang='lat' dir='ltr'>quod</span> <span class='ocrx_word' id='word_1_104' title='bbox 698 2109 778 2195; x_wconf 93' lang='lat' dir='ltr'>quia</span> <span class='ocrx_word' id='word_1_105' title='bbox 802 2109 925 2173; x_wconf 91' lang='lat' dir='ltr'>iustum</span> <span class='ocrx_word' id='word_1_106' title='bbox 946 2106 1120 2172; x_wconf 89' lang='lat' dir='ltr'>videbatur</span> <span class='ocrx_word' id='word_1_107' title='bbox 1142 2115 1177 2170; x_wconf 92' lang='lat' dir='ltr'>et</span> <span class='ocrx_word' id='word_1_108' title='bbox 1200 2104 1360 2189; x_wconf 90' lang='lat' dir='ltr'>populare</span> 
     </span>
     <span class='ocr_line' id='line_1_17' title="bbox 210 2209 1358 2294; baseline -0.003 -20"><span class='ocrx_word' id='word_1_109' title='bbox 210 2221 290 2290; x_wconf 87' lang='lat' dir='ltr'>erat,</span> <span class='ocrx_word' id='word_1_110' title='bbox 316 2210 477 2294; x_wconf 89' lang='lat' dir='ltr'>paulatim</span> <span class='ocrx_word' id='word_1_111' title='bbox 508 2232 701 2280; x_wconf 87' lang='lat' dir='ltr'>conversum</span> <span class='ocrx_word' id='word_1_112' title='bbox 732 2221 785 2278; x_wconf 90' lang='lat' dir='ltr'>est</span> <span class='ocrx_word' id='word_1_113' title='bbox 813 2213 848 2278; x_wconf 92' lang='lat' dir='ltr'>in</span> <span class='ocrx_word' id='word_1_114' title='bbox 876 2211 1051 2276; x_wconf 83' lang='lat' dir='ltr'>adsiduam</span> <span class='ocrx_word' id='word_1_115' title='bbox 1082 2209 1358 2274; x_wconf 90' lang='lat' dir='ltr'>iurisdictionem:</span> 
     </span>
     <span class='ocr_line' id='line_1_18' title="bbox 210 2315 1361 2400; baseline -0.003 -20"><span class='ocrx_word' id='word_1_116' title='bbox 210 2323 389 2400; x_wconf 86' lang='lat' dir='ltr'>tantusque</span> <span class='ocrx_word' id='word_1_117' title='bbox 405 2316 499 2382; x_wconf 83' lang='lat' dir='ltr'>favor</span> <span class='ocrx_word' id='word_1_118' title='bbox 519 2339 634 2384; x_wconf 89' lang='lat' dir='ltr'>eorum</span> <span class='ocrx_word' id='word_1_119' title='bbox 657 2318 764 2384; x_wconf 87' lang='lat' dir='ltr'>lactus</span> <span class='ocrx_word' id='word_1_120' title='bbox 785 2326 846 2393; x_wconf 87' lang='lat' dir='ltr'>est,</span> <span class='ocrx_word' id='word_1_121' title='bbox 867 2325 904 2381; x_wconf 92' lang='lat' dir='ltr'>ut</span> <span class='ocrx_word' id='word_1_122' title='bbox 924 2315 1084 2399; x_wconf 88' lang='lat' dir='ltr'>paulatim</span> <span class='ocrx_word' id='word_1_123' title='bbox 1107 2315 1206 2379; x_wconf 89' lang='lat' dir='ltr'>etiarn</span> <span class='ocrx_word' id='word_1_124' title='bbox 1228 2324 1361 2395; x_wconf 91' lang='lat' dir='ltr'>praetor</span> 
     </span>
     <span class='ocr_line' id='line_1_19' title="bbox 210 2417 1360 2505; baseline -0.002 -22"><span class='ocrx_word' id='word_1_125' title='bbox 210 2420 360 2502; x_wconf 90' lang='lat' dir='ltr'>proprius</span> <span class='ocrx_word' id='word_1_126' title='bbox 382 2431 553 2498; x_wconf 88' lang='lat' dir='ltr'>crearetur,</span> <span class='ocrx_word' id='word_1_127' title='bbox 570 2424 627 2505; x_wconf 92' lang='lat' dir='ltr'>qui</span> <span class='ocrx_word' id='word_1_128' title='bbox 649 2420 912 2488; x_wconf 86' lang='lat' dir='ltr'>fideicommissis</span> <span class='ocrx_word' id='word_1_129' title='bbox 934 2420 983 2486; x_wconf 90' lang='lat' dir='ltr'>ius</span> <span class='ocrx_word' id='word_1_130' title='bbox 1006 2419 1137 2497; x_wconf 89' lang='lat' dir='ltr'>diceret,</span> <span class='ocrx_word' id='word_1_131' title='bbox 1152 2438 1250 2502; x_wconf 92' lang='lat' dir='ltr'>quern</span> <span class='ocrx_word' id='word_1_132' title='bbox 1267 2417 1360 2482; x_wconf 89' lang='lat' dir='ltr'>fidei·</span> 
     </span>
     <span class='ocr_line' id='line_1_20' title="bbox 211 2525 714 2614; baseline 0.012 -26"><span class='ocrx_word' id='word_1_133' title='bbox 211 2525 471 2591; x_wconf 83' lang='lat' dir='ltr'>commissarium</span> <span class='ocrx_word' id='word_1_134' title='bbox 493 2527 714 2614; x_wconf 90' lang='lat' dir='ltr'>appellabant.</span> 
     </span>
    </p>
   </div>
   <div class='ocr_carea' id='block_1_5' title="bbox 209 2833 1364 4500">
    <p class='ocr_par' dir='ltr' id='par_1_6' title="bbox 209 2833 1364 3329">
     <span class='ocr_line' id='line_1_21' title="bbox 210 2833 1364 2912; baseline 0 -23"><span class='ocrx_word' id='word_1_135' title='bbox 210 2833 242 2889; x_wconf 89' lang='lat' dir='ltr'>oI</span> <span class='ocrx_word' id='word_1_136' title='bbox 256 2835 365 2906; x_wconf 80' lang='lat' dir='ltr'>objecta</span> <span class='ocrx_word' id='word_1_137' title='bbox 383 2837 548 2910; x_wconf 85' lang='lat' dir='ltr'>possessing</span> <span class='ocrx_word' id='word_1_138' title='bbox 565 2856 604 2895; x_wconf 88' lang='lat' dir='ltr'>no</span> <span class='ocrx_word' id='word_1_139' title='bbox 621 2856 725 2912; x_wconf 84' lang='lat' dir='ltr'>proper</span> <span class='ocrx_word' id='word_1_140' title='bbox 736 2839 890 2911; x_wconf 88' lang='lat' dir='ltr'>pecuniary</span> <span class='ocrx_word' id='word_1_141' title='bbox 901 2837 992 2907; x_wconf 86' lang='lat' dir='ltr'>value,</span> <span class='ocrx_word' id='word_1_142' title='bbox 1005 2837 1074 2892; x_wconf 89' lang='lat' dir='ltr'>such</span> <span class='ocrx_word' id='word_1_143' title='bbox 1093 2853 1126 2890; x_wconf 89' lang='lat' dir='ltr'>as</span> <span class='ocrx_word' id='word_1_144' title='bbox 1145 2835 1312 2891; x_wconf 80' lang='lat' dir='ltr'>documenta</span> <span class='ocrx_word' id='word_1_145' title='bbox 1330 2835 1364 2889; x_wconf 85' lang='lat' dir='ltr'>oi</span> 
     </span>
     <span class='ocr_line' id='line_1_22' title="bbox 209 2916 1359 2994; baseline 0.001 -22"><span class='ocrx_word' id='word_1_146' title='bbox 209 2916 278 2988; x_wconf 89' lang='lat' dir='ltr'>title,</span> <span class='ocrx_word' id='word_1_147' title='bbox 290 2920 359 2976; x_wconf 88' lang='lat' dir='ltr'>Cod.</span> <span class='ocrx_word' id='word_1_148' title='bbox 370 2921 395 2977; x_wconf 90' lang='lat'>6.</span> <span class='ocrx_word' id='word_1_149' title='bbox 411 2934 451 2991; x_wconf 83' lang='lat'>50.</span> <span class='ocrx_word' id='word_1_150' title='bbox 465 2938 475 2976; x_wconf 89' lang='lat' dir='ltr'>r</span> <span class='ocrx_word' id='word_1_151' title='bbox 482 2935 505 2993; x_wconf 79' lang='lat'>5,</span> <span class='ocrx_word' id='word_1_152' title='bbox 519 2923 613 2994; x_wconf 88' lang='lat' dir='ltr'>legata</span> <span class='ocrx_word' id='word_1_153' title='bbox 625 2923 713 2979; x_wconf 90' lang='lat' dir='ltr'>debiti</span> <span class='ocrx_word' id='word_1_154' title='bbox 726 2923 807 2980; x_wconf 89' lang='lat' dir='ltr'>when</span> <span class='ocrx_word' id='word_1_155' title='bbox 819 2924 899 2978; x_wconf 88' lang='lat' dir='ltr'>there</span> <span class='ocrx_word' id='word_1_156' title='bbox 912 2921 936 2976; x_wconf 89' lang='lat' dir='ltr'>is</span> <span class='ocrx_word' id='word_1_157' title='bbox 949 2938 987 2976; x_wconf 90' lang='lat' dir='ltr'>no</span> <span class='ocrx_word' id='word_1_158' title='bbox 1000 2919 1183 2977; x_wconf 88' lang='lat' dir='ltr'>commodum</span> <span class='ocrx_word' id='word_1_159' title='bbox 1195 2935 1359 2990; x_wconf 86' lang='lat' dir='ltr'>repraesen-</span> 
     </span>
     <span class='ocr_line' id='line_1_23' title="bbox 209 3001 1359 3078; baseline 0.001 -21"><span class='ocrx_word' id='word_1_160' title='bbox 209 3001 325 3058; x_wconf 83' lang='lat' dir='ltr'>tationis</span> <span class='ocrx_word' id='word_1_161' title='bbox 338 3003 405 3074; x_wconf 90' lang='lat' dir='ltr'>(Tit.</span> <span class='ocrx_word' id='word_1_162' title='bbox 419 3020 460 3060; x_wconf 79' lang='lat' dir='ltr'>aa</span> <span class='ocrx_word' id='word_1_163' title='bbox 478 3021 509 3073; x_wconf 87' lang='lat'>14</span> <span class='ocrx_word' id='word_1_164' title='bbox 522 3006 618 3077; x_wconf 76' lang='lat' dir='ltr'>supa),</span> <span class='ocrx_word' id='word_1_165' title='bbox 633 3007 699 3078; x_wconf 88' lang='lat' dir='ltr'>Dig.</span> <span class='ocrx_word' id='word_1_166' title='bbox 714 3022 756 3076; x_wconf 87' lang='lat'>30.</span> <span class='ocrx_word' id='word_1_167' title='bbox 770 3007 813 3063; x_wconf 87' lang='lat'>28.</span> <span class='ocrx_word' id='word_1_168' title='bbox 829 3022 858 3073; x_wconf 87' lang='lat'>1;</span> <span class='ocrx_word' id='word_1_169' title='bbox 876 3004 999 3076; x_wconf 85' lang='lat' dir='ltr'>legacIes</span> <span class='ocrx_word' id='word_1_170' title='bbox 1018 3004 1055 3060; x_wconf 91' lang='lat' dir='ltr'>ad</span> <span class='ocrx_word' id='word_1_171' title='bbox 1074 3003 1137 3074; x_wconf 91' lang='lat' dir='ltr'>pias</span> <span class='ocrx_word' id='word_1_172' title='bbox 1155 3020 1265 3072; x_wconf 87' lang='lat' dir='ltr'>causas,</span> <span class='ocrx_word' id='word_1_173' title='bbox 1284 3005 1359 3058; x_wconf 81' lang='lat' dir='ltr'>Nou.</span> 
     </span>
     <span class='ocr_line' id='line_1_24' title="bbox 214 3086 1359 3162; baseline -0.001 -23"><span class='ocrx_word' id='word_1_174' title='bbox 214 3099 224 3139; x_wconf 92' lang='lat' dir='ltr'>r</span> <span class='ocrx_word' id='word_1_175' title='bbox 228 3100 271 3154; x_wconf 89' lang='lat'>31.</span> <span class='ocrx_word' id='word_1_176' title='bbox 284 3101 324 3157; x_wconf 85' lang='lat' dir='ltr'>ra,</span> <span class='ocrx_word' id='word_1_177' title='bbox 337 3088 395 3142; x_wconf 88' lang='lat' dir='ltr'>and</span> <span class='ocrx_word' id='word_1_178' title='bbox 407 3089 489 3144; x_wconf 91' lang='lat' dir='ltr'>those</span> <span class='ocrx_word' id='word_1_179' title='bbox 502 3089 593 3145; x_wconf 83' lang='lat' dir='ltr'>which</span> <span class='ocrx_word' id='word_1_180' title='bbox 606 3107 644 3162; x_wconf 87' lang='lat' dir='ltr'>go</span> <span class='ocrx_word' id='word_1_181' title='bbox 656 3101 686 3146; x_wconf 89' lang='lat' dir='ltr'>to</span> <span class='ocrx_word' id='word_1_182' title='bbox 698 3090 783 3146; x_wconf 85' lang='lat' dir='ltr'>make</span> <span class='ocrx_word' id='word_1_183' title='bbox 795 3107 833 3160; x_wconf 90' lang='lat' dir='ltr'>up</span> <span class='ocrx_word' id='word_1_184' title='bbox 846 3090 894 3144; x_wconf 90' lang='lat' dir='ltr'>the</span> <span class='ocrx_word' id='word_1_185' title='bbox 907 3087 1034 3158; x_wconf 77' lang='lat' dir='ltr'>legitIma</span> <span class='ocrx_word' id='word_1_186' title='bbox 1046 3103 1112 3158; x_wconf 87' lang='lat' dir='ltr'>pars</span> <span class='ocrx_word' id='word_1_187' title='bbox 1124 3087 1156 3140; x_wconf 83' lang='lat' dir='ltr'>os</span> <span class='ocrx_word' id='word_1_188' title='bbox 1165 3103 1283 3156; x_wconf 89' lang='lat' dir='ltr'>persons</span> <span class='ocrx_word' id='word_1_189' title='bbox 1296 3086 1359 3139; x_wconf 86' lang='lat' dir='ltr'>who</span> 
     </span>
     <span class='ocr_line' id='line_1_25' title="bbox 210 3169 1359 3244; baseline 0 -20"><span class='ocrx_word' id='word_1_190' title='bbox 210 3169 293 3224; x_wconf 89' lang='lat' dir='ltr'>could</span> <span class='ocrx_word' id='word_1_191' title='bbox 302 3169 386 3240; x_wconf 80' lang='lat' dir='ltr'>bring</span> <span class='ocrx_word' id='word_1_192' title='bbox 397 3172 445 3226; x_wconf 93' lang='lat' dir='ltr'>the</span> <span class='ocrx_word' id='word_1_193' title='bbox 455 3175 580 3244; x_wconf 88' lang='lat' dir='ltr'>querella</span> <span class='ocrx_word' id='word_1_194' title='bbox 592 3173 739 3230; x_wconf 88' lang='lat' dir='ltr'>inofficiosi</span> <span class='ocrx_word' id='word_1_195' title='bbox 750 3171 913 3230; x_wconf 88' lang='lat' dir='ltr'>testamenti</span> <span class='ocrx_word' id='word_1_196' title='bbox 926 3189 958 3227; x_wconf 93' lang='lat' dir='ltr'>or</span> <span class='ocrx_word' id='word_1_197' title='bbox 970 3173 1019 3227; x_wconf 90' lang='lat' dir='ltr'>the</span> <span class='ocrx_word' id='word_1_198' title='bbox 1032 3170 1107 3226; x_wconf 92' lang='lat' dir='ltr'>actio</span> <span class='ocrx_word' id='word_1_199' title='bbox 1119 3169 1158 3226; x_wconf 92' lang='lat' dir='ltr'>ad</span> <span class='ocrx_word' id='word_1_200' title='bbox 1170 3169 1359 3240; x_wconf 85' lang='lat' dir='ltr'>supplendam</span> 
     </span>
     <span class='ocr_line' id='line_1_26' title="bbox 209 3251 657 3329; baseline 0.011 -22"><span class='ocrx_word' id='word_1_201' title='bbox 209 3251 375 3323; x_wconf 82' lang='lat' dir='ltr'>legitImam‚</span> <span class='ocrx_word' id='word_1_202' title='bbox 389 3255 459 3312; x_wconf 87' lang='lat' dir='ltr'>Cod.</span> <span class='ocrx_word' id='word_1_203' title='bbox 473 3271 497 3326; x_wconf 84' lang='lat'>3.</span> <span class='ocrx_word' id='word_1_204' title='bbox 512 3257 554 3326; x_wconf 89' lang='lat'>38.</span> <span class='ocrx_word' id='word_1_205' title='bbox 569 3258 603 3326; x_wconf 87' lang='lat'>36</span> <span class='ocrx_word' id='word_1_206' title='bbox 616 3275 657 3329; x_wconf 91' lang='lat' dir='ltr'>pr.</span> 
     </span>
    </p>

    <p class='ocr_par' dir='ltr' id='par_1_7' title="bbox 209 3335 1359 4500">
     <span class='ocr_line' id='line_1_27' title="bbox 244 3335 1359 3411; baseline -0.002 -19"><span class='ocrx_word' id='word_1_207' title='bbox 244 3341 470 3407; x_wconf 67' lang='lat' dir='ltr'>ultum</span> <span class='ocrx_word' id='word_1_208' title='bbox 485 3345 510 3396; x_wconf 88' lang='lat'>1.</span> <span class='ocrx_word' id='word_1_209' title='bbox 530 3339 774 3411; x_wconf 88' lang='lat' dir='ltr'>Fideicommissa,</span> <span class='ocrx_word' id='word_1_210' title='bbox 790 3339 881 3396; x_wconf 83' lang='lat' dir='ltr'>which</span> <span class='ocrx_word' id='word_1_211' title='bbox 900 3339 991 3394; x_wconf 89' lang='lat' dir='ltr'>under</span> <span class='ocrx_word' id='word_1_212' title='bbox 1008 3335 1172 3409; x_wconf 86' lang='lat' dir='ltr'>Justinian’s</span> <span class='ocrx_word' id='word_1_213' title='bbox 1191 3337 1257 3391; x_wconf 87' lang='lat' dir='ltr'>final</span> <span class='ocrx_word' id='word_1_214' title='bbox 1276 3335 1359 3405; x_wconf 83' lang='lat' dir='ltr'>legis·</span> 
     </span>
     <span class='ocr_line' id='line_1_28' title="bbox 209 3419 1359 3493; baseline -0.002 -18"><span class='ocrx_word' id='word_1_215' title='bbox 209 3419 297 3476; x_wconf 88' lang='lat' dir='ltr'>lation</span> <span class='ocrx_word' id='word_1_216' title='bbox 314 3421 478 3493; x_wconf 86' lang='lat' dir='ltr'>practically</span> <span class='ocrx_word' id='word_1_217' title='bbox 490 3424 601 3480; x_wconf 83' lang='lat' dir='ltr'>formed</span> <span class='ocrx_word' id='word_1_218' title='bbox 616 3441 672 3480; x_wconf 89' lang='lat' dir='ltr'>one</span> <span class='ocrx_word' id='word_1_219' title='bbox 689 3422 847 3480; x_wconf 89' lang='lat' dir='ltr'>institution</span> <span class='ocrx_word' id='word_1_220' title='bbox 859 3423 926 3478; x_wconf 92' lang='lat' dir='ltr'>with</span> <span class='ocrx_word' id='word_1_221' title='bbox 944 3421 1074 3491; x_wconf 86' lang='lat' dir='ltr'>legacies,</span> <span class='ocrx_word' id='word_1_222' title='bbox 1089 3420 1117 3475; x_wconf 95' lang='lat' dir='ltr'>in</span> <span class='ocrx_word' id='word_1_223' title='bbox 1135 3419 1225 3490; x_wconf 87' lang='lat' dir='ltr'>origin</span> <span class='ocrx_word' id='word_1_224' title='bbox 1241 3419 1359 3474; x_wconf 82' lang='lat' dir='ltr'>differed</span> 
     </span>
     <span class='ocr_line' id='line_1_29' title="bbox 209 3502 1359 3578; baseline -0.002 -19"><span class='ocrx_word' id='word_1_225' title='bbox 209 3503 281 3560; x_wconf 85' lang='lat' dir='ltr'>from</span> <span class='ocrx_word' id='word_1_226' title='bbox 299 3506 378 3560; x_wconf 91' lang='lat' dir='ltr'>them</span> <span class='ocrx_word' id='word_1_227' title='bbox 398 3505 426 3560; x_wconf 89' lang='lat' dir='ltr'>in</span> <span class='ocrx_word' id='word_1_228' title='bbox 445 3509 543 3577; x_wconf 85' lang='lat' dir='ltr'>nearly</span> <span class='ocrx_word' id='word_1_229' title='bbox 560 3525 645 3578; x_wconf 87' lang='lat' dir='ltr'>every</span> <span class='ocrx_word' id='word_1_230' title='bbox 662 3518 781 3578; x_wconf 85' lang='lat' dir='ltr'>respect.</span> <span class='ocrx_word' id='word_1_231' title='bbox 820 3509 879 3563; x_wconf 93' lang='lat' dir='ltr'>Not</span> <span class='ocrx_word' id='word_1_232' title='bbox 897 3506 984 3576; x_wconf 86' lang='lat' dir='ltr'>being</span> <span class='ocrx_word' id='word_1_233' title='bbox 1003 3505 1105 3575; x_wconf 85' lang='lat' dir='ltr'>legally</span> <span class='ocrx_word' id='word_1_234' title='bbox 1116 3503 1237 3573; x_wconf 86' lang='lat' dir='ltr'>bindIng</span> <span class='ocrx_word' id='word_1_235' title='bbox 1255 3502 1283 3558; x_wconf 92' lang='lat' dir='ltr'>in</span> <span class='ocrx_word' id='word_1_236' title='bbox 1303 3519 1359 3571; x_wconf 89' lang='lat' dir='ltr'>any</span> 
     </span>
     <span class='ocr_line' id='line_1_30' title="bbox 209 3587 1359 3662; baseline -0.001 -20"><span class='ocrx_word' id='word_1_237' title='bbox 209 3603 276 3642; x_wconf 89' lang='lat' dir='ltr'>case</span> <span class='ocrx_word' id='word_1_238' title='bbox 291 3605 329 3642; x_wconf 91' lang='lat' dir='ltr'>on</span> <span class='ocrx_word' id='word_1_239' title='bbox 346 3589 395 3644; x_wconf 91' lang='lat' dir='ltr'>the</span> <span class='ocrx_word' id='word_1_240' title='bbox 412 3590 474 3646; x_wconf 92' lang='lat' dir='ltr'>heir</span> <span class='ocrx_word' id='word_1_241' title='bbox 485 3607 518 3646; x_wconf 91' lang='lat' dir='ltr'>or</span> <span class='ocrx_word' id='word_1_242' title='bbox 529 3591 611 3647; x_wconf 91' lang='lat' dir='ltr'>other</span> <span class='ocrx_word' id='word_1_243' title='bbox 625 3609 728 3662; x_wconf 89' lang='lat' dir='ltr'>person</span> <span class='ocrx_word' id='word_1_244' title='bbox 742 3591 806 3645; x_wconf 86' lang='lat' dir='ltr'>who</span> <span class='ocrx_word' id='word_1_245' title='bbox 818 3607 876 3646; x_wconf 85' lang='lat' dir='ltr'>was</span> <span class='ocrx_word' id='word_1_246' title='bbox 892 3588 1016 3660; x_wconf 83' lang='lat' dir='ltr'>charged</span> <span class='ocrx_word' id='word_1_247' title='bbox 1029 3587 1095 3643; x_wconf 90' lang='lat' dir='ltr'>with</span> <span class='ocrx_word' id='word_1_248' title='bbox 1108 3588 1195 3657; x_wconf 90' lang='lat' dir='ltr'>them,</span> <span class='ocrx_word' id='word_1_249' title='bbox 1209 3588 1288 3642; x_wconf 91' lang='lat' dir='ltr'>there</span> <span class='ocrx_word' id='word_1_250' title='bbox 1301 3603 1359 3641; x_wconf 88' lang='lat' dir='ltr'>was</span> 
     </span>
     <span class='ocr_line' id='line_1_31' title="bbox 209 3670 1359 3745; baseline 0.002 -21"><span class='ocrx_word' id='word_1_251' title='bbox 209 3670 329 3740; x_wconf 87' lang='lat' dir='ltr'>nothing</span> <span class='ocrx_word' id='word_1_252' title='bbox 346 3681 377 3727; x_wconf 94' lang='lat' dir='ltr'>to</span> <span class='ocrx_word' id='word_1_253' title='bbox 392 3673 429 3729; x_wconf 93' lang='lat' dir='ltr'>be</span> <span class='ocrx_word' id='word_1_254' title='bbox 447 3673 551 3744; x_wconf 88' lang='lat' dir='ltr'>galned</span> <span class='ocrx_word' id='word_1_255' title='bbox 565 3675 604 3745; x_wconf 93' lang='lat' dir='ltr'>by</span> <span class='ocrx_word' id='word_1_256' title='bbox 616 3675 753 3745; x_wconf 84' lang='lat' dir='ltr'>insertIng</span> <span class='ocrx_word' id='word_1_257' title='bbox 768 3675 846 3730; x_wconf 92' lang='lat' dir='ltr'>them</span> <span class='ocrx_word' id='word_1_258' title='bbox 862 3673 890 3728; x_wconf 88' lang='lat' dir='ltr'>ln</span> <span class='ocrx_word' id='word_1_259' title='bbox 908 3691 926 3729; x_wconf 91' lang='lat' dir='ltr'>a</span> <span class='ocrx_word' id='word_1_260' title='bbox 938 3673 1001 3742; x_wconf 90' lang='lat' dir='ltr'>will,</span> <span class='ocrx_word' id='word_1_261' title='bbox 1015 3689 1048 3727; x_wconf 89' lang='lat' dir='ltr'>so</span> <span class='ocrx_word' id='word_1_262' title='bbox 1062 3672 1124 3727; x_wconf 92' lang='lat' dir='ltr'>that</span> <span class='ocrx_word' id='word_1_263' title='bbox 1141 3671 1279 3742; x_wconf 90' lang='lat' dir='ltr'>probably</span> <span class='ocrx_word' id='word_1_264' title='bbox 1292 3671 1359 3741; x_wconf 93' lang='lat' dir='ltr'>they</span> 
     </span>
     <span class='ocr_line' id='line_1_32' title="bbox 210 3753 1358 3828; baseline 0.003 -21"><span class='ocrx_word' id='word_1_265' title='bbox 210 3771 281 3809; x_wconf 86' lang='lat' dir='ltr'>were</span> <span class='ocrx_word' id='word_1_266' title='bbox 300 3753 329 3808; x_wconf 81' lang='lat' dir='ltr'>ln</span> <span class='ocrx_word' id='word_1_267' title='bbox 348 3765 422 3810; x_wconf 90' lang='lat' dir='ltr'>most</span> <span class='ocrx_word' id='word_1_268' title='bbox 441 3773 523 3813; x_wconf 86' lang='lat' dir='ltr'>cases</span> <span class='ocrx_word' id='word_1_269' title='bbox 541 3759 601 3813; x_wconf 89' lang='lat' dir='ltr'>oral</span> <span class='ocrx_word' id='word_1_270' title='bbox 619 3775 652 3812; x_wconf 87' lang='lat' dir='ltr'>or</span> <span class='ocrx_word' id='word_1_271' title='bbox 669 3757 821 3813; x_wconf 84' lang='lat' dir='ltr'>contained</span> <span class='ocrx_word' id='word_1_272' title='bbox 841 3757 869 3813; x_wconf 84' lang='lat' dir='ltr'>ln</span> <span class='ocrx_word' id='word_1_273' title='bbox 887 3757 1008 3813; x_wconf 87' lang='lat' dir='ltr'>codicilli</span> <span class='ocrx_word' id='word_1_274' title='bbox 1026 3756 1092 3828; x_wconf 92' lang='lat' dir='ltr'>(Tit.</span> <span class='ocrx_word' id='word_1_275' title='bbox 1106 3768 1139 3826; x_wconf 84' lang='lat'>25</span> <span class='ocrx_word' id='word_1_276' title='bbox 1154 3754 1233 3824; x_wconf 86' lang='lat' dir='ltr'>inl.);</span> <span class='ocrx_word' id='word_1_277' title='bbox 1252 3755 1309 3810; x_wconf 91' lang='lat' dir='ltr'>this</span> <span class='ocrx_word' id='word_1_278' title='bbox 1329 3765 1358 3810; x_wconf 92' lang='lat' dir='ltr'>at</span> 
     </span>
     <span class='ocr_line' id='line_1_33' title="bbox 209 3837 1359 3898; baseline 0.001 -5"><span class='ocrx_word' id='word_1_279' title='bbox 209 3837 280 3893; x_wconf 85' lang='lat' dir='ltr'>least</span> <span class='ocrx_word' id='word_1_280' title='bbox 299 3855 392 3895; x_wconf 85' lang='lat' dir='ltr'>seems</span> <span class='ocrx_word' id='word_1_281' title='bbox 411 3851 441 3895; x_wconf 92' lang='lat' dir='ltr'>to</span> <span class='ocrx_word' id='word_1_282' title='bbox 453 3841 489 3896; x_wconf 93' lang='lat' dir='ltr'>be</span> <span class='ocrx_word' id='word_1_283' title='bbox 506 3843 555 3897; x_wconf 90' lang='lat' dir='ltr'>the</span> <span class='ocrx_word' id='word_1_284' title='bbox 571 3843 682 3897; x_wconf 91' lang='lat' dir='ltr'>natural</span> <span class='ocrx_word' id='word_1_285' title='bbox 699 3841 841 3898; x_wconf 85' lang='lat' dir='ltr'>inlerence</span> <span class='ocrx_word' id='word_1_286' title='bbox 853 3841 925 3897; x_wconf 84' lang='lat' dir='ltr'>from</span> <span class='ocrx_word' id='word_1_287' title='bbox 940 3842 989 3897; x_wconf 90' lang='lat' dir='ltr'>the</span> <span class='ocrx_word' id='word_1_288' title='bbox 1001 3841 1058 3896; x_wconf 82' lang='lat' dir='ltr'>lact</span> <span class='ocrx_word' id='word_1_289' title='bbox 1075 3841 1137 3895; x_wconf 88' lang='lat' dir='ltr'>that</span> <span class='ocrx_word' id='word_1_290' title='bbox 1150 3837 1272 3894; x_wconf 90' lang='lat' dir='ltr'>codicilli</span> <span class='ocrx_word' id='word_1_291' title='bbox 1285 3857 1359 3895; x_wconf 90' lang='lat' dir='ltr'>were</span> 
     </span>
     <span class='ocr_line' id='line_1_34' title="bbox 209 3921 1358 3995; baseline 0 -19"><span class='ocrx_word' id='word_1_292' title='bbox 209 3921 323 3978; x_wconf 89' lang='lat' dir='ltr'>clothed</span> <span class='ocrx_word' id='word_1_293' title='bbox 335 3923 402 3978; x_wconf 89' lang='lat' dir='ltr'>with</span> <span class='ocrx_word' id='word_1_294' title='bbox 415 3924 573 3995; x_wconf 86' lang='lat' dir='ltr'>obligatory</span> <span class='ocrx_word' id='word_1_295' title='bbox 585 3925 662 3980; x_wconf 81' lang='lat' dir='ltr'>force</span> <span class='ocrx_word' id='word_1_296' title='bbox 673 3925 777 3980; x_wconf 88' lang='lat' dir='ltr'>almost</span> <span class='ocrx_word' id='word_1_297' title='bbox 789 3924 1021 3994; x_wconf 90' lang='lat' dir='ltr'>slmultaneously</span> <span class='ocrx_word' id='word_1_298' title='bbox 1030 3923 1097 3978; x_wconf 91' lang='lat' dir='ltr'>with</span> <span class='ocrx_word' id='word_1_299' title='bbox 1110 3924 1262 3993; x_wconf 86' lang='lat' dir='ltr'>Augustus&#39;</span> <span class='ocrx_word' id='word_1_300' title='bbox 1274 3921 1358 3977; x_wconf 91' lang='lat' dir='ltr'>inter-</span> 
     </span>
     <span class='ocr_line' id='line_1_35' title="bbox 209 4005 1358 4065; baseline 0.002 -6"><span class='ocrx_word' id='word_1_301' title='bbox 209 4005 323 4060; x_wconf 83' lang='lat' dir='ltr'>vention</span> <span class='ocrx_word' id='word_1_302' title='bbox 343 4007 371 4062; x_wconf 90' lang='lat' dir='ltr'>ln</span> <span class='ocrx_word' id='word_1_303' title='bbox 384 4008 483 4064; x_wconf 82' lang='lat' dir='ltr'>favour</span> <span class='ocrx_word' id='word_1_304' title='bbox 499 4009 531 4063; x_wconf 83' lang='lat' dir='ltr'>of</span> <span class='ocrx_word' id='word_1_305' title='bbox 541 4007 768 4065; x_wconf 83' lang='lat' dir='ltr'>fideicommissa</span> <span class='ocrx_word' id='word_1_306' title='bbox 807 4011 840 4064; x_wconf 90' lang='lat' dir='ltr'>In</span> <span class='ocrx_word' id='word_1_307' title='bbox 856 4008 977 4064; x_wconf 87' lang='lat' dir='ltr'>Cicero&#39;s</span> <span class='ocrx_word' id='word_1_308' title='bbox 994 4007 1063 4064; x_wconf 89' lang='lat' dir='ltr'>time</span> <span class='ocrx_word' id='word_1_309' title='bbox 1080 4007 1101 4062; x_wconf 94' lang='lat' dir='ltr'>it</span> <span class='ocrx_word' id='word_1_310' title='bbox 1115 4024 1172 4061; x_wconf 89' lang='lat' dir='ltr'>was</span> <span class='ocrx_word' id='word_1_311' title='bbox 1189 4005 1358 4061; x_wconf 88' lang='lat' dir='ltr'>considered</span> 
     </span>
     <span class='ocr_line' id='line_1_36' title="bbox 209 4088 1357 4162; baseline -0.001 -19"><span class='ocrx_word' id='word_1_312' title='bbox 209 4105 246 4144; x_wconf 90' lang='lat' dir='ltr'>an</span> <span class='ocrx_word' id='word_1_313' title='bbox 259 4091 360 4146; x_wconf 90' lang='lat' dir='ltr'>honest</span> <span class='ocrx_word' id='word_1_314' title='bbox 377 4093 467 4147; x_wconf 89' lang='lat' dir='ltr'>man’s</span> <span class='ocrx_word' id='word_1_315' title='bbox 480 4091 549 4162; x_wconf 93' lang='lat' dir='ltr'>duty</span> <span class='ocrx_word' id='word_1_316' title='bbox 561 4101 592 4147; x_wconf 90' lang='lat' dir='ltr'>to</span> <span class='ocrx_word' id='word_1_317' title='bbox 608 4109 689 4162; x_wconf 83' lang='lat' dir='ltr'>carry</span> <span class='ocrx_word' id='word_1_318' title='bbox 701 4103 750 4148; x_wconf 89' lang='lat' dir='ltr'>out</span> <span class='ocrx_word' id='word_1_319' title='bbox 763 4091 984 4147; x_wconf 86' lang='lat' dir='ltr'>fideicommissa</span> <span class='ocrx_word' id='word_1_320' title='bbox 996 4093 1092 4145; x_wconf 91' lang='lat' dir='ltr'>whose</span> <span class='ocrx_word' id='word_1_321' title='bbox 1108 4089 1202 4160; x_wconf 89' lang='lat' dir='ltr'>object</span> <span class='ocrx_word' id='word_1_322' title='bbox 1215 4105 1273 4143; x_wconf 89' lang='lat' dir='ltr'>was</span> <span class='ocrx_word' id='word_1_323' title='bbox 1290 4088 1357 4157; x_wconf 88' lang='lat' dir='ltr'>legi·</span> 
     </span>
     <span class='ocr_line' id='line_1_37' title="bbox 209 4170 1357 4244; baseline -0.002 -16"><span class='ocrx_word' id='word_1_324' title='bbox 209 4171 316 4244; x_wconf 88' lang='lat' dir='ltr'>timate,</span> <span class='ocrx_word' id='word_1_325' title='bbox 329 4174 411 4230; x_wconf 88' lang='lat' dir='ltr'>while</span> <span class='ocrx_word' id='word_1_326' title='bbox 424 4176 506 4231; x_wconf 87' lang='lat' dir='ltr'>those</span> <span class='ocrx_word' id='word_1_327' title='bbox 518 4175 610 4231; x_wconf 89' lang='lat' dir='ltr'>which</span> <span class='ocrx_word' id='word_1_328' title='bbox 623 4175 718 4232; x_wconf 86' lang='lat' dir='ltr'>almed</span> <span class='ocrx_word' id='word_1_329' title='bbox 731 4187 760 4232; x_wconf 89' lang='lat' dir='ltr'>at</span> <span class='ocrx_word' id='word_1_330' title='bbox 778 4193 815 4232; x_wconf 89' lang='lat' dir='ltr'>an</span> <span class='ocrx_word' id='word_1_331' title='bbox 828 4174 944 4230; x_wconf 88' lang='lat' dir='ltr'>evasion</span> <span class='ocrx_word' id='word_1_332' title='bbox 957 4175 990 4229; x_wconf 85' lang='lat' dir='ltr'>oi</span> <span class='ocrx_word' id='word_1_333' title='bbox 998 4175 1051 4229; x_wconf 94' lang='lat' dir='ltr'>law</span> <span class='ocrx_word' id='word_1_334' title='bbox 1064 4191 1136 4228; x_wconf 91' lang='lat' dir='ltr'>were</span> <span class='ocrx_word' id='word_1_335' title='bbox 1154 4170 1357 4241; x_wconf 85' lang='lat' dir='ltr'>disregarded;</span> 
     </span>
     <span class='ocr_line' id='line_1_38' title="bbox 209 4255 1357 4326; baseline -0.002 -15"><span class='ocrx_word' id='word_1_336' title='bbox 209 4255 246 4312; x_wconf 90' lang='lat' dir='ltr'>de</span> <span class='ocrx_word' id='word_1_337' title='bbox 258 4256 304 4313; x_wconf 81' lang='lat' dir='ltr'>fin</span> <span class='ocrx_word' id='word_1_338' title='bbox 319 4273 344 4314; x_wconf 88' lang='lat'>2.</span> <span class='ocrx_word' id='word_1_339' title='bbox 361 4271 391 4326; x_wconf 91' lang='lat'>17</span> <span class='ocrx_word' id='word_1_340' title='bbox 405 4259 462 4314; x_wconf 85' lang='lat' dir='ltr'>and</span> <span class='ocrx_word' id='word_1_341' title='bbox 479 4261 517 4316; x_wconf 90' lang='lat'>18.</span> <span class='ocrx_word' id='word_1_342' title='bbox 556 4261 613 4314; x_wconf 85' lang='lat' dir='ltr'>For</span> <span class='ocrx_word' id='word_1_343' title='bbox 624 4259 699 4316; x_wconf 92' lang='lat' dir='ltr'>their</span> <span class='ocrx_word' id='word_1_344' title='bbox 715 4259 881 4316; x_wconf 84' lang='lat' dir='ltr'>conversion</span> <span class='ocrx_word' id='word_1_345' title='bbox 900 4257 960 4314; x_wconf 89' lang='lat' dir='ltr'>into</span> <span class='ocrx_word' id='word_1_346' title='bbox 978 4275 1015 4312; x_wconf 91' lang='lat' dir='ltr'>an</span> <span class='ocrx_word' id='word_1_347' title='bbox 1029 4256 1167 4312; x_wconf 88' lang='lat' dir='ltr'>‘adsidua</span> <span class='ocrx_word' id='word_1_348' title='bbox 1185 4255 1357 4310; x_wconf 90' lang='lat' dir='ltr'>iurisdictio’</span> 
     </span>
     <span class='ocr_line' id='line_1_39' title="bbox 209 4338 1356 4414; baseline 0 -20"><span class='ocrx_word' id='word_1_349' title='bbox 209 4339 245 4395; x_wconf 87' lang='lat' dir='ltr'>cl.</span> <span class='ocrx_word' id='word_1_350' title='bbox 258 4341 419 4414; x_wconf 90' lang='lat' dir='ltr'>Suetonius,</span> <span class='ocrx_word' id='word_1_351' title='bbox 434 4343 532 4400; x_wconf 82' lang='lat' dir='ltr'>Claud</span> <span class='ocrx_word' id='word_1_352' title='bbox 547 4358 581 4413; x_wconf 83' lang='lat'>23</span> <span class='ocrx_word' id='word_1_353' title='bbox 600 4343 838 4400; x_wconf 87' lang='lat' dir='ltr'>‘iurisdictionem</span> <span class='ocrx_word' id='word_1_354' title='bbox 855 4343 892 4398; x_wconf 91' lang='lat' dir='ltr'>de</span> <span class='ocrx_word' id='word_1_355' title='bbox 911 4339 1138 4396; x_wconf 88' lang='lat' dir='ltr'>fideicommissis</span> <span class='ocrx_word' id='word_1_356' title='bbox 1157 4338 1309 4411; x_wconf 90' lang='lat' dir='ltr'>quotannis</span> <span class='ocrx_word' id='word_1_357' title='bbox 1328 4350 1356 4394; x_wconf 94' lang='lat' dir='ltr'>et</span> 
     </span>
     <span class='ocr_line' id='line_1_40' title="bbox 209 4423 1357 4500; baseline 0.001 -21"><span class='ocrx_word' id='word_1_358' title='bbox 209 4433 319 4480; x_wconf 86' lang='lat' dir='ltr'>tantum</span> <span class='ocrx_word' id='word_1_359' title='bbox 333 4425 362 4482; x_wconf 86' lang='lat' dir='ltr'>ln</span> <span class='ocrx_word' id='word_1_360' title='bbox 375 4427 444 4484; x_wconf 89' lang='lat' dir='ltr'>urbe</span> <span class='ocrx_word' id='word_1_361' title='bbox 457 4427 581 4498; x_wconf 84' lang='lat' dir='ltr'>delegari</span> <span class='ocrx_word' id='word_1_362' title='bbox 593 4427 805 4500; x_wconf 84' lang='lat' dir='ltr'>magistratibus</span> <span class='ocrx_word' id='word_1_363' title='bbox 818 4425 940 4495; x_wconf 88' lang='lat' dir='ltr'>solitam,</span> <span class='ocrx_word' id='word_1_364' title='bbox 952 4423 982 4480; x_wconf 91' lang='lat' dir='ltr'>in</span> <span class='ocrx_word' id='word_1_365' title='bbox 994 4433 1160 4496; x_wconf 88' lang='lat' dir='ltr'>perpetuum</span> <span class='ocrx_word' id='word_1_366' title='bbox 1173 4433 1258 4495; x_wconf 87' lang='lat' dir='ltr'>atque</span> <span class='ocrx_word' id='word_1_367' title='bbox 1270 4423 1357 4480; x_wconf 89' lang='lat' dir='ltr'>etiam</span> 
     </span>
    </p>
   </div>
   <div class='ocr_carea' id='block_1_6' title="bbox 0 0 1592 5022">
    <p class='ocr_par' dir='ltr' id='par_1_8' title="bbox 0 0 1592 5022">
     <span class='ocr_line' id='line_1_41' title="bbox 0 0 1592 5022; baseline 0 1"><span class='ocrx_word' id='word_1_368' title='bbox 0 0 1592 5022; x_wconf 95' lang='lat' dir='ltr'> </span> 
     </span>
    </p>
   </div>
  </div>
 </body>
</html>
