3078 5020
246 305 307 354 112
448 294 800 353 INSTITUTIONUM
818 295 940 352 LIBRI
956 295 1193 370 QUATTUOR.
1303 299 1368 366 [Lib.
1379 307 1399 354 1.

244 464 401 528 curatoris
429 461 575 528 habendi
606 463 721 546 gratia,
758 472 817 528 aut
863 465 1017 528 ancillam
1056 465 1256 530 matrimonii
1290 485 1398 546 causa,

244 569 323 632 dum
348 578 460 632 tamen
485 569 570 633 intra
594 589 655 632 sex
677 589 807 633 menses
827 587 913 632 uxor
933 566 1081 646 ducatur,
1106 570 1168 632 nisi
1194 571 1281 633 iusta
1299 590 1399 634 causa

243 672 411 754 impediat,
428 681 461 736 et
482 673 537 754 qui
558 673 800 737 manumittitur
821 674 1039 756 procuratoris
1061 671 1205 737 habendi
1224 676 1332 757 gratia
1356 695 1398 738 ne

213 777 350 840 6min0r
371 785 500 858 septem
527 785 561 840 et
585 775 700 840 decem
727 777 820 840 annis
843 778 1103 842 manumittatur.
1148 776 1262 842 Semel
1285 789 1398 842 autem

242 901 340 944 causa
355 881 548 963 adprobata,
565 882 633 944 sive
647 901 725 945 vera
740 882 809 946 sive
825 879 907 945 salsa
923 883 973 960 sit,
989 901 1056 946 non
1073 891 1275 946 retractatur.

288 985 373 1050 Cum
399 1006 476 1068 ergo
507 995 614 1050 certus
640 987 758 1050 modus
785 987 1040 1050 manumittendi
1075 987 1253 1050 minoribus
1280 988 1398 1070 viginti

214 1089 337 1158 tannis
364 1091 506 1154 dominis
534 1111 594 1172 per
625 1089 733 1174 legem
763 1089 897 1154 Aeliam
933 1089 1085 1154 Sentiam
1115 1091 1313 1155 constitutus
1346 1093 1398 1168 sit,

243 1194 424 1268 eveniebat,
441 1203 487 1270 ut,
505 1196 560 1277 qui
575 1195 839 1276 quattuordecim
855 1215 959 1258 annos
973 1195 1094 1258 aetatis
1114 1194 1305 1278 expleverit,
1319 1195 1398 1260 licet

243 1307 479 1363 testamentum
506 1299 612 1363 lacere
637 1299 741 1382 possit
763 1307 799 1362 et
825 1298 858 1361 in
885 1319 925 1362 eo
951 1297 1106 1362 heredem
1135 1299 1196 1362 sibi
1227 1300 1398 1364 instituere

243 1401 418 1484 legataque
444 1401 627 1484 relinquere
651 1401 764 1485 possit,
788 1410 912 1478 tamen,
933 1403 960 1466 si
985 1401 1094 1466 adhuc
1117 1403 1225 1466 minor
1239 1403 1282 1466 sit
1302 1404 1397 1468 annis

242 1505 369 1588 viginti,
394 1505 580 1569 libertatern
607 1526 701 1570 servo
731 1505 810 1570 dare
840 1527 906 1569 non
932 1515 1071 1590 poterat.
1116 1507 1204 1588 quod
1234 1527 1302 1571 non
1326 1517 1397 1572 erat

243 1608 423 1688 serendum,
439 1610 466 1673 si
482 1611 519 1686 is,
535 1610 586 1674 cui
602 1618 746 1674 totorum
767 1611 929 1674 bonorum
949 1611 983 1674 in
1004 1619 1205 1675 testamento
1224 1612 1397 1694 dispositio

243 1714 323 1778 data
339 1721 417 1792 erat,
429 1713 484 1777 uni
499 1733 593 1778 servo
608 1713 797 1779 libertatem
814 1715 892 1779 dare
908 1735 974 1778 non
990 1714 1249 1798 permittebatur.
1294 1735 1397 1798 quare

244 1837 303 1880 nos
330 1817 479 1881 similiter
504 1817 533 1881 ei
560 1819 841 1900 quemadmodum
863 1818 945 1883 alias
975 1839 1026 1882 res
1053 1818 1100 1882 ita
1124 1827 1158 1883 et
1186 1839 1297 1884 servos
1319 1841 1396 1884 suos

243 1923 276 1984 in
302 1921 419 1986 ultima
441 1921 611 1986 voluntate
643 1923 816 2007 disponere
850 1923 1130 2005 quemadmodum
1156 1922 1295 1988 voluerit
1322 1945 1397 2007 per·

244 2021 414 2103 mittimus,
438 2037 475 2091 ut
504 2033 538 2091 et
568 2025 756 2091 libertatem
788 2028 834 2091 eis
863 2029 968 2110 possit
1000 2037 1177 2110 praestare.
1233 2029 1292 2093 sed
1319 2049 1395 2094 cum

244 2129 377 2195 libertas
407 2130 655 2196 inaestimabilis
685 2139 736 2195 est
766 2141 800 2196 et
830 2141 964 2215 propter
991 2132 1055 2196 hoc
1093 2142 1171 2196 ante
1200 2133 1395 2197 vicesimum

242 2235 361 2300 aetatis
385 2257 507 2300 annum
537 2236 715 2318 antiquitas
745 2233 933 2300 libertatem
963 2255 1057 2300 servo
1083 2235 1153 2300 dari
1177 2236 1394 2320 prohibebat:

242 2337 318 2402 ideo
348 2360 408 2402 nos
438 2339 583 2403 mediam
615 2339 862 2421 quodammodo
893 2340 981 2404 viam
1016 2339 1176 2424 eligentes
1205 2361 1270 2405 non
1300 2341 1396 2407 aliter

242 2443 359 2506 minori
379 2443 494 2526 viginti
520 2443 613 2507 annis
633 2443 822 2508 libertatem
843 2443 876 2507 in
900 2453 1101 2509 testamento
1119 2445 1199 2509 dare
1220 2466 1315 2510 servo
1333 2467 1394 2510 suo

242 2547 460 2621 concedimus,
478 2547 540 2610 nisi
563 2547 740 2630 septimum
764 2555 798 2611 et
820 2547 984 2611 decimum
1007 2569 1129 2613 annum
1153 2549 1336 2632 impleverit
1359 2560 1395 2614 et

241 2659 393 2713 octavum
415 2650 579 2714 decimum
602 2651 756 2735 tetigerit.
802 2671 876 2715 cum
901 2653 987 2716 enirn
1007 2653 1185 2735 antiquitas
1205 2652 1393 2718 huiusmodi

241 2753 343 2817 aetati
359 2762 392 2817 et
407 2774 467 2836 pro
482 2752 553 2818 aliis
569 2755 735 2836 postulare
757 2757 928 2833 concessit,
946 2777 1002 2820 cur
1016 2777 1082 2820 non
1102 2757 1204 2820 etiam
1219 2757 1268 2821 sui
1284 2757 1394 2822 iudicii

240 2856 402 2920 stabilitas
425 2859 471 2920 ita
494 2877 551 2920 eos
572 2858 728 2923 adiuvare
749 2860 908 2939 credatur,
923 2870 960 2926 ut
976 2869 1009 2924 et
1024 2860 1066 2926 ad
1082 2860 1251 2926 libertates
1266 2861 1394 2927 dandas

241 2961 342 3023 servis
357 2961 424 3024 suis
440 2961 566 3042 possint
581 2964 774 3044 provenire?

242 3172 330 3241 tarch‚
345 3172 380 3228 de
393 3173 474 3229 educ.
487 3171 582 3228 liberis
596 3187 620 3243 7,
634 3174 759 3244 Plautus,
772 3183 886 3228 mercat.
900 3175 1006 3244 prolog.
1022 3175 1064 3242 89,
1080 3173 1145 3244 Dig.
1158 3187 1200 3240 40.
1217 3185 1241 3243 5.
1255 3186 1298 3244 35.
1328 3175 1391 3229 The

240 3253 393 3311 differente
411 3257 538 3312 between
557 3257 740 3327 paedagogus
760 3257 818 3311 and
843 3257 979 3311 educator
997 3255 1021 3310 is
1040 3258 1164 3327 perhaps
1184 3257 1245 3312 that
1264 3258 1313 3312 the
1331 3257 1390 3326 boy

240 3340 345 3410 passed
357 3339 429 3395 from
445 3341 494 3396 the
511 3341 614 3412 charge
627 3341 660 3394 of
673 3341 722 3396 the
739 3341 799 3395 first
815 3350 845 3395 to
861 3341 923 3394 that
939 3339 972 3394 of
986 3341 1035 3395 the
1053 3341 1161 3395 second
1177 3351 1206 3395 at
1223 3341 1272 3396 the
1289 3357 1343 3411 age
1363 3340 1396 3396 ol
1527 3347 1528 3356 ¹

240 3424 340 3478 twelve
352 3440 385 3478 or
396 3425 578 3479 thereabouts
591 3444 598 3491 ;
619 3425 701 3494 Apul.
717 3426 787 3479 Met.
797 3441 822 3478 re
831 3439 859 3494 p.
870 3424 930 3491 687.

274 3511 321 3565 An
344 3511 447 3566 ancilla
468 3511 657 3567 manumitted
678 3510 744 3565 with
767 3513 815 3567 the
837 3519 956 3566 consent
977 3511 1012 3566 of
1030 3511 1079 3566 the
1105 3509 1256 3566 concilium
1281 3527 1319 3564 on
1341 3509 1391 3566 the

241 3593 352 3662 ground
368 3594 429 3648 that
447 3595 495 3648 the
512 3593 643 3648 dominus
663 3593 798 3649 intended
813 3603 843 3649 to
862 3609 957 3663 marry
968 3594 1020 3648 her
1036 3593 1085 3648 did
1101 3603 1151 3648 not
1168 3593 1288 3648 become
1307 3595 1390 3648 abso·

240 3674 326 3744 lutely
341 3675 399 3730 lree
418 3675 488 3731 until
506 3677 555 3732 the
573 3677 713 3746 marriage
731 3678 800 3732 took
818 3679 907 3749 place,
922 3676 989 3747 Dig.
1002 3692 1046 3744 40.
1059 3692 1085 3746 9.
1102 3692 1153 3746 193
1175 3691 1219 3744 40.
1233 3691 1257 3732 2.
1272 3691 1325 3744 21;
1343 3677 1392 3732 the

240 3767 338 3813 senate
357 3758 487 3830 required
506 3761 554 3815 the
573 3770 679 3816 master
690 3769 720 3816 to
733 3777 822 3817 swear
839 3761 875 3817 he
888 3760 981 3816 would
999 3777 1093 3831 marry
1105 3760 1157 3815 her
1168 3759 1265 3814 within
1281 3760 1330 3816 the
1348 3759 1391 3815 six

241 3841 364 3910 months,
379 3842 445 3912 Dig.
458 3858 501 3910 40.
516 3859 540 3898 2.
559 3859 569 3898 r
574 3859 599 3913 3.

274 3925 315 3978 As
334 3941 455 3996 appears
473 3925 545 3981 from
563 3928 578 3994 §
597 3939 613 3994 7
635 3925 692 3998 inl,
710 3943 749 3982 no
768 3943 823 3982 one
841 3944 898 3982 was
917 3925 1037 3982 allowed
1057 3935 1088 3982 to
1110 3935 1156 3980 act
1175 3939 1207 3980 as
1226 3925 1390 3995 processus]

239 4019 324 4078 agent
343 4009 386 4063 lor
403 4010 523 4065 another
541 4009 612 4066 until
627 4011 664 4066 he
677 4027 734 4066 was
754 4021 907 4066 seventeen
927 4027 1009 4080 years
1028 4009 1062 4064 of
1074 4026 1137 4079 age,
1156 4007 1229 4063 from
1242 4007 1335 4063 which
1348 4025 1390 4065 we

239 4107 305 4162 rnay
324 4091 395 4148 infer
412 4093 474 4148 that
492 4092 585 4150 liberti
605 4111 679 4150 were
700 4093 772 4150 used
793 4111 825 4149 as
847 4103 1026 4165 procurators
1045 4092 1152 4162 mainly
1171 4091 1200 4147 in
1222 4101 1342 4149 matters
1360 4091 1394 4146 oi

187 4195 189 4202 ’
239 4171 388 4245 litigation.

274 4257 331 4324 Η.
350 4259 394 4327 By
412 4259 590 4328 Nov.119.2
607 4257 749 4328 Justinian
767 4257 890 4313 enabled
908 4256 1016 4312 domini
1035 4267 1066 4313 to
1083 4254 1222 4312 manumit
1241 4255 1335 4312 slaves
1352 4255 1390 4326 by

241 4340 296 4396 will
309 4341 502 4412 immediately
515 4343 583 4413 they
594 4341 652 4398 had
665 4341 826 4414 completed
838 4341 912 4398 their
924 4341 1084 4398 fourteenth
1097 4357 1173 4412 year.
