<?xml version="1.0" encoding="UTF-8"?>
<!DOCTYPE html PUBLIC "-//W3C//DTD XHTML 1.0 Transitional//EN"
    "http://www.w3.org/TR/xhtml1/DTD/xhtml1-transitional.dtd">
<html xmlns="http://www.w3.org/1999/xhtml" xml:lang="en" lang="en">
 <head>
  <title>
</title>
<meta http-equiv="Content-Type" content="text/html;charset=utf-8" />
  <meta name='ocr-system' content='tesseract 3.04.00' />
  <meta name='ocr-capabilities' content='ocr_page ocr_carea ocr_par ocr_line ocrx_word'/>
</head>
<body>
  <div class='ocr_page' id='page_1' title='image "./imperatorisiust00moylgoog_0229.png"; bbox 0 0 3166 5022; ppageno 0'>
   <div class='ocr_carea' id='block_1_1' title="bbox 211 297 1362 374">
    <p class='ocr_par' dir='ltr' id='par_1_1' title="bbox 211 297 1362 374">
     <span class='ocr_line' id='line_1_1' title="bbox 211 297 1362 374; baseline -0.005 -16"><span class='ocrx_word' id='word_1_1' title='bbox 211 311 275 374; x_wconf 85' lang='lat'>214</span> <span class='ocrx_word' id='word_1_2' title='bbox 415 298 767 356; x_wconf 86' lang='lat' dir='ltr'><em>INSTITUTIONUM</em></span> <span class='ocrx_word' id='word_1_3' title='bbox 785 298 904 353; x_wconf 89' lang='lat' dir='ltr'><em>LIBRI</em></span> <span class='ocrx_word' id='word_1_4' title='bbox 924 297 1161 369; x_wconf 84' lang='lat' dir='ltr'><em>QUATTUOR.</em></span> <span class='ocrx_word' id='word_1_5' title='bbox 1257 297 1362 363; x_wconf 87' lang='lat' dir='ltr'>[Lib.ll.</span> 
     </span>
    </p>
   </div>
   <div class='ocr_carea' id='block_1_2' title="bbox 182 459 1425 2625">
    <p class='ocr_par' dir='ltr' id='par_1_2' title="bbox 212 459 1363 738">
     <span class='ocr_line' id='line_1_2' title="bbox 212 459 1363 546; baseline -0.006 -17"><span class='ocrx_word' id='word_1_6' title='bbox 212 474 338 530; x_wconf 91' lang='lat' dir='ltr'>etcum</span> <span class='ocrx_word' id='word_1_7' title='bbox 362 485 467 529; x_wconf 88' lang='lat' dir='ltr'>uxore</span> <span class='ocrx_word' id='word_1_8' title='bbox 488 485 548 529; x_wconf 84' lang='lat' dir='ltr'>sua</span> <span class='ocrx_word' id='word_1_9' title='bbox 571 463 747 546; x_wconf 91' lang='lat' dir='ltr'>liberisque</span> <span class='ocrx_word' id='word_1_10' title='bbox 770 463 845 541; x_wconf 85' lang='lat' dir='ltr'>suis,</span> <span class='ocrx_word' id='word_1_11' title='bbox 865 462 945 526; x_wconf 91' lang='lat' dir='ltr'>item</span> <span class='ocrx_word' id='word_1_12' title='bbox 969 461 1095 526; x_wconf 83' lang='lat' dir='ltr'>libertis</span> <span class='ocrx_word' id='word_1_13' title='bbox 1117 481 1178 525; x_wconf 91' lang='lat' dir='ltr'>nec</span> <span class='ocrx_word' id='word_1_14' title='bbox 1201 480 1267 524; x_wconf 91' lang='lat' dir='ltr'>non</span> <span class='ocrx_word' id='word_1_15' title='bbox 1290 459 1363 524; x_wconf 90' lang='lat' dir='ltr'>aliis</span> 
     </span>
     <span class='ocr_line' id='line_1_3' title="bbox 212 563 1362 651; baseline -0.006 -19"><span class='ocrx_word' id='word_1_16' title='bbox 212 569 321 632; x_wconf 89' lang='lat' dir='ltr'>liberis</span> <span class='ocrx_word' id='word_1_17' title='bbox 344 569 502 651; x_wconf 89' lang='lat' dir='ltr'>personis,</span> <span class='ocrx_word' id='word_1_18' title='bbox 524 567 644 651; x_wconf 90' lang='lat' dir='ltr'>quibus</span> <span class='ocrx_word' id='word_1_19' title='bbox 667 587 733 630; x_wconf 94' lang='lat' dir='ltr'>non</span> <span class='ocrx_word' id='word_1_20' title='bbox 757 567 865 630; x_wconf 91' lang='lat' dir='ltr'>minus</span> <span class='ocrx_word' id='word_1_21' title='bbox 888 586 988 648; x_wconf 90' lang='lat' dir='ltr'>quam</span> <span class='ocrx_word' id='word_1_22' title='bbox 1012 567 1113 629; x_wconf 90' lang='lat' dir='ltr'>servis</span> <span class='ocrx_word' id='word_1_23' title='bbox 1136 567 1247 640; x_wconf 91' lang='lat' dir='ltr'>utitur,</span> <span class='ocrx_word' id='word_1_24' title='bbox 1270 563 1362 626; x_wconf 87' lang='lat' dir='ltr'>habi-</span> 
     </span>
     <span class='ocr_line' id='line_1_4' title="bbox 212 669 1362 738; baseline -0.006 -1"><span class='ocrx_word' id='word_1_25' title='bbox 212 673 307 737; x_wconf 92' lang='lat' dir='ltr'>tandi</span> <span class='ocrx_word' id='word_1_26' title='bbox 326 673 374 736; x_wconf 91' lang='lat' dir='ltr'>ius</span> <span class='ocrx_word' id='word_1_27' title='bbox 390 673 531 738; x_wconf 88' lang='lat' dir='ltr'>habeat:</span> <span class='ocrx_word' id='word_1_28' title='bbox 555 681 589 737; x_wconf 90' lang='lat' dir='ltr'>et</span> <span class='ocrx_word' id='word_1_29' title='bbox 602 673 835 736; x_wconf 88' lang='lat' dir='ltr'>convenienter</span> <span class='ocrx_word' id='word_1_30' title='bbox 849 672 876 734; x_wconf 92' lang='lat' dir='ltr'>si</span> <span class='ocrx_word' id='word_1_31' title='bbox 892 671 935 734; x_wconf 92' lang='lat' dir='ltr'>ad</span> <span class='ocrx_word' id='word_1_32' title='bbox 950 669 1120 734; x_wconf 91' lang='lat' dir='ltr'>mulierem</span> <span class='ocrx_word' id='word_1_33' title='bbox 1137 689 1215 733; x_wconf 91' lang='lat' dir='ltr'>usus</span> <span class='ocrx_word' id='word_1_34' title='bbox 1230 670 1362 733; x_wconf 90' lang='lat' dir='ltr'>aedium</span> 
     </span>
    </p>

    <p class='ocr_par' dir='ltr' id='par_1_3' title="bbox 182 773 1364 1067">
     <span class='ocr_line' id='line_1_5' title="bbox 182 773 1362 861; baseline -0.007 -19"><span class='ocrx_word' id='word_1_35' title='bbox 182 787 199 842; x_wconf 85' lang='lat'><strong>3</strong></span> <span class='ocrx_word' id='word_1_36' title='bbox 213 779 387 861; x_wconf 89' lang='lat' dir='ltr'>pertineat,</span> <span class='ocrx_word' id='word_1_37' title='bbox 404 798 479 841; x_wconf 88' lang='lat' dir='ltr'>cum</span> <span class='ocrx_word' id='word_1_38' title='bbox 497 777 615 842; x_wconf 89' lang='lat' dir='ltr'>marito</span> <span class='ocrx_word' id='word_1_39' title='bbox 631 776 781 840; x_wconf 88' lang='lat' dir='ltr'>habitare</span> <span class='ocrx_word' id='word_1_40' title='bbox 796 776 903 840; x_wconf 91' lang='lat' dir='ltr'>liceat.</span> <span class='ocrx_word' id='word_1_41' title='bbox 950 775 1037 840; x_wconf 86' lang='lat' dir='ltr'>Item</span> <span class='ocrx_word' id='word_1_42' title='bbox 1054 776 1090 850; x_wconf 91' lang='lat' dir='ltr'>is,</span> <span class='ocrx_word' id='word_1_43' title='bbox 1103 775 1146 839; x_wconf 91' lang='lat' dir='ltr'>ad</span> <span class='ocrx_word' id='word_1_44' title='bbox 1163 794 1263 856; x_wconf 92' lang='lat' dir='ltr'>quem</span> <span class='ocrx_word' id='word_1_45' title='bbox 1279 773 1362 836; x_wconf 89' lang='lat' dir='ltr'>servi</span> 
     </span>
     <span class='ocr_line' id='line_1_6' title="bbox 213 877 1363 964; baseline -0.004 -20"><span class='ocrx_word' id='word_1_46' title='bbox 213 901 292 945; x_wconf 90' lang='lat' dir='ltr'>usus</span> <span class='ocrx_word' id='word_1_47' title='bbox 318 882 470 964; x_wconf 86' lang='lat' dir='ltr'><strong>pertinet,</strong></span> <span class='ocrx_word' id='word_1_48' title='bbox 498 883 569 964; x_wconf 91' lang='lat' dir='ltr'>ipse</span> <span class='ocrx_word' id='word_1_49' title='bbox 595 890 726 945; x_wconf 88' lang='lat' dir='ltr'>tantum</span> <span class='ocrx_word' id='word_1_50' title='bbox 751 881 859 962; x_wconf 92' lang='lat' dir='ltr'>operis</span> <span class='ocrx_word' id='word_1_51' title='bbox 885 888 987 962; x_wconf 88' lang='lat' dir='ltr'>atque</span> <span class='ocrx_word' id='word_1_52' title='bbox 1011 879 1192 942; x_wconf 91' lang='lat' dir='ltr'>ministerio</span> <span class='ocrx_word' id='word_1_53' title='bbox 1219 879 1288 941; x_wconf 90' lang='lat' dir='ltr'>eius</span> <span class='ocrx_word' id='word_1_54' title='bbox 1314 877 1363 941; x_wconf 90' lang='lat' dir='ltr'>uti</span> 
     </span>
     <span class='ocr_line' id='line_1_7' title="bbox 213 982 1364 1067; baseline -0.006 -18"><span class='ocrx_word' id='word_1_55' title='bbox 213 995 345 1067; x_wconf 88' lang='lat' dir='ltr'>potest:</span> <span class='ocrx_word' id='word_1_56' title='bbox 369 985 411 1050; x_wconf 91' lang='lat' dir='ltr'>ad</span> <span class='ocrx_word' id='word_1_57' title='bbox 427 985 528 1049; x_wconf 93' lang='lat' dir='ltr'>alium</span> <span class='ocrx_word' id='word_1_58' title='bbox 543 1005 622 1049; x_wconf 93' lang='lat' dir='ltr'>vero</span> <span class='ocrx_word' id='word_1_59' title='bbox 638 984 729 1048; x_wconf 92' lang='lat' dir='ltr'>nullo</span> <span class='ocrx_word' id='word_1_60' title='bbox 746 985 846 1048; x_wconf 92' lang='lat' dir='ltr'>modo</span> <span class='ocrx_word' id='word_1_61' title='bbox 862 984 912 1048; x_wconf 92' lang='lat' dir='ltr'>ius</span> <span class='ocrx_word' id='word_1_62' title='bbox 927 1003 1022 1046; x_wconf 90' lang='lat' dir='ltr'>suum</span> <span class='ocrx_word' id='word_1_63' title='bbox 1045 982 1220 1046; x_wconf 84' lang='lat' dir='ltr'>transferre</span> <span class='ocrx_word' id='word_1_64' title='bbox 1238 983 1267 1045; x_wconf 90' lang='lat' dir='ltr'>ei</span> <span class='ocrx_word' id='word_1_65' title='bbox 1286 1001 1364 1044; x_wconf 93' lang='lat' dir='ltr'>con-</span> 
     </span>
    </p>

    <p class='ocr_par' dir='ltr' id='par_1_4' title="bbox 182 1083 1364 1484">
     <span class='ocr_line' id='line_1_8' title="bbox 182 1083 1363 1156; baseline -0.007 -2"><span class='ocrx_word' id='word_1_66' title='bbox 182 1103 344 1156; x_wconf 86' lang='lat' dir='ltr'>4cessum</span> <span class='ocrx_word' id='word_1_67' title='bbox 368 1099 428 1154; x_wconf 89' lang='lat' dir='ltr'>est.</span> <span class='ocrx_word' id='word_1_68' title='bbox 463 1091 552 1153; x_wconf 93' lang='lat' dir='ltr'>idem</span> <span class='ocrx_word' id='word_1_69' title='bbox 582 1089 708 1153; x_wconf 89' lang='lat' dir='ltr'>scilicet</span> <span class='ocrx_word' id='word_1_70' title='bbox 732 1088 810 1151; x_wconf 88' lang='lat' dir='ltr'>iuris</span> <span class='ocrx_word' id='word_1_71' title='bbox 835 1097 887 1151; x_wconf 92' lang='lat' dir='ltr'>est</span> <span class='ocrx_word' id='word_1_72' title='bbox 913 1089 1004 1151; x_wconf 91' lang='lat' dir='ltr'>etin</span> <span class='ocrx_word' id='word_1_73' title='bbox 1031 1087 1189 1150; x_wconf 92' lang='lat' dir='ltr'>iumento.</span> <span class='ocrx_word' id='word_1_74' title='bbox 1243 1083 1312 1149; x_wconf 87' lang='lat' dir='ltr'>Sed</span> <span class='ocrx_word' id='word_1_75' title='bbox 1336 1085 1363 1146; x_wconf 91' lang='lat' dir='ltr'>si</span> 
     </span>
     <span class='ocr_line' id='line_1_9' title="bbox 213 1189 1364 1278; baseline -0.006 -21"><span class='ocrx_word' id='word_1_76' title='bbox 213 1195 339 1278; x_wconf 90' lang='lat' dir='ltr'>pecoris</span> <span class='ocrx_word' id='word_1_77' title='bbox 354 1193 407 1257; x_wconf 93' lang='lat' dir='ltr'>vel</span> <span class='ocrx_word' id='word_1_78' title='bbox 423 1195 535 1257; x_wconf 92' lang='lat' dir='ltr'>ovium</span> <span class='ocrx_word' id='word_1_79' title='bbox 556 1213 634 1256; x_wconf 92' lang='lat' dir='ltr'>usus</span> <span class='ocrx_word' id='word_1_80' title='bbox 649 1192 779 1274; x_wconf 88' lang='lat' dir='ltr'>legatus</span> <span class='ocrx_word' id='word_1_81' title='bbox 794 1189 900 1269; x_wconf 86' lang='lat' dir='ltr'>suerit,</span> <span class='ocrx_word' id='word_1_82' title='bbox 916 1211 1024 1273; x_wconf 90' lang='lat' dir='ltr'>neque</span> <span class='ocrx_word' id='word_1_83' title='bbox 1046 1191 1131 1255; x_wconf 91' lang='lat' dir='ltr'>lacte</span> <span class='ocrx_word' id='word_1_84' title='bbox 1148 1210 1255 1273; x_wconf 93' lang='lat' dir='ltr'>neque</span> <span class='ocrx_word' id='word_1_85' title='bbox 1270 1189 1364 1271; x_wconf 86' lang='lat' dir='ltr'>agnis</span> 
     </span>
     <span class='ocr_line' id='line_1_10' title="bbox 213 1293 1363 1381; baseline -0.004 -19"><span class='ocrx_word' id='word_1_86' title='bbox 213 1319 322 1381; x_wconf 93' lang='lat' dir='ltr'>neque</span> <span class='ocrx_word' id='word_1_87' title='bbox 345 1297 420 1361; x_wconf 90' lang='lat' dir='ltr'>lana</span> <span class='ocrx_word' id='word_1_88' title='bbox 442 1305 554 1361; x_wconf 90' lang='lat' dir='ltr'>utetur</span> <span class='ocrx_word' id='word_1_89' title='bbox 575 1298 731 1373; x_wconf 89' lang='lat' dir='ltr'>usuarius,</span> <span class='ocrx_word' id='word_1_90' title='bbox 747 1295 824 1378; x_wconf 90' lang='lat' dir='ltr'>quia</span> <span class='ocrx_word' id='word_1_91' title='bbox 843 1315 882 1359; x_wconf 88' lang='lat' dir='ltr'>ea</span> <span class='ocrx_word' id='word_1_92' title='bbox 903 1295 1063 1359; x_wconf 85' lang='lat' dir='ltr'>infructu</span> <span class='ocrx_word' id='word_1_93' title='bbox 1085 1305 1171 1359; x_wconf 90' lang='lat' dir='ltr'>sunt.</span> <span class='ocrx_word' id='word_1_94' title='bbox 1202 1293 1300 1378; x_wconf 89' lang='lat' dir='ltr'>plane</span> <span class='ocrx_word' id='word_1_95' title='bbox 1320 1294 1363 1358; x_wconf 90' lang='lat' dir='ltr'>ad</span> 
     </span>
     <span class='ocr_line' id='line_1_11' title="bbox 214 1399 1096 1484; baseline -0.002 -18"><span class='ocrx_word' id='word_1_96' title='bbox 214 1401 461 1466; x_wconf 88' lang='lat' dir='ltr'>stercorandum</span> <span class='ocrx_word' id='word_1_97' title='bbox 477 1421 593 1484; x_wconf 90' lang='lat' dir='ltr'>agrum</span> <span class='ocrx_word' id='word_1_98' title='bbox 610 1421 706 1463; x_wconf 90' lang='lat' dir='ltr'>suum</span> <span class='ocrx_word' id='word_1_99' title='bbox 723 1399 896 1482; x_wconf 86' lang='lat' dir='ltr'>pecoribus</span> <span class='ocrx_word' id='word_1_100' title='bbox 911 1400 960 1463; x_wconf 92' lang='lat' dir='ltr'>uti</span> <span class='ocrx_word' id='word_1_101' title='bbox 976 1409 1096 1481; x_wconf 89' lang='lat' dir='ltr'>potest.</span> 
     </span>
    </p>

    <p class='ocr_par' dir='ltr' id='par_1_5' title="bbox 184 1502 1364 2093">
     <span class='ocr_line' id='line_1_12' title="bbox 184 1502 1364 1586; baseline -0.003 -16"><span class='ocrx_word' id='word_1_102' title='bbox 184 1516 201 1570; x_wconf 88' lang='lat'>5</span> <span class='ocrx_word' id='word_1_103' title='bbox 260 1502 328 1570; x_wconf 91' lang='lat' dir='ltr'>Sed</span> <span class='ocrx_word' id='word_1_104' title='bbox 352 1507 447 1570; x_wconf 91' lang='lat' dir='ltr'>sicui</span> <span class='ocrx_word' id='word_1_105' title='bbox 469 1505 633 1568; x_wconf 79' lang='lat' dir='ltr'>habitatio</span> <span class='ocrx_word' id='word_1_106' title='bbox 653 1503 765 1585; x_wconf 88' lang='lat' dir='ltr'>legata</span> <span class='ocrx_word' id='word_1_107' title='bbox 780 1503 849 1567; x_wconf 89' lang='lat' dir='ltr'>sive</span> <span class='ocrx_word' id='word_1_108' title='bbox 864 1503 976 1586; x_wconf 89' lang='lat' dir='ltr'>aliquo</span> <span class='ocrx_word' id='word_1_109' title='bbox 999 1505 1100 1568; x_wconf 93' lang='lat' dir='ltr'>modo</span> <span class='ocrx_word' id='word_1_110' title='bbox 1116 1503 1297 1567; x_wconf 89' lang='lat' dir='ltr'>constituta</span> <span class='ocrx_word' id='word_1_111' title='bbox 1311 1503 1364 1578; x_wconf 90' lang='lat' dir='ltr'>sit,</span> 
     </span>
     <span class='ocr_line' id='line_1_13' title="bbox 215 1607 1364 1694; baseline -0.004 -20"><span class='ocrx_word' id='word_1_112' title='bbox 215 1631 322 1694; x_wconf 88' lang='lat' dir='ltr'>neque</span> <span class='ocrx_word' id='word_1_113' title='bbox 348 1630 427 1673; x_wconf 90' lang='lat' dir='ltr'>usus</span> <span class='ocrx_word' id='word_1_114' title='bbox 448 1609 579 1673; x_wconf 90' lang='lat' dir='ltr'>videtur</span> <span class='ocrx_word' id='word_1_115' title='bbox 601 1629 709 1691; x_wconf 90' lang='lat' dir='ltr'>neque</span> <span class='ocrx_word' id='word_1_116' title='bbox 733 1629 811 1671; x_wconf 91' lang='lat' dir='ltr'>usus</span> <span class='ocrx_word' id='word_1_117' title='bbox 833 1607 966 1686; x_wconf 81' lang='lat' dir='ltr'>fructus,</span> <span class='ocrx_word' id='word_1_118' title='bbox 992 1608 1050 1672; x_wconf 92' lang='lat' dir='ltr'>sed</span> <span class='ocrx_word' id='word_1_119' title='bbox 1076 1608 1169 1690; x_wconf 90' lang='lat' dir='ltr'>quasi</span> <span class='ocrx_word' id='word_1_120' title='bbox 1196 1608 1364 1690; x_wconf 91' lang='lat' dir='ltr'>proprium</span> 
     </span>
     <span class='ocr_line' id='line_1_14' title="bbox 214 1711 1364 1797; baseline -0.004 -19"><span class='ocrx_word' id='word_1_121' title='bbox 214 1714 346 1797; x_wconf 89' lang='lat' dir='ltr'>aliquod</span> <span class='ocrx_word' id='word_1_122' title='bbox 373 1713 434 1776; x_wconf 91' lang='lat' dir='ltr'>ius.</span> <span class='ocrx_word' id='word_1_123' title='bbox 486 1733 587 1795; x_wconf 90' lang='lat' dir='ltr'>quam</span> <span class='ocrx_word' id='word_1_124' title='bbox 611 1711 851 1776; x_wconf 86' lang='lat' dir='ltr'>habitationem</span> <span class='ocrx_word' id='word_1_125' title='bbox 875 1711 1074 1776; x_wconf 83' lang='lat' dir='ltr'>habentibus</span> <span class='ocrx_word' id='word_1_126' title='bbox 1101 1722 1235 1795; x_wconf 89' lang='lat' dir='ltr'>propter</span> <span class='ocrx_word' id='word_1_127' title='bbox 1257 1731 1364 1774; x_wconf 90' lang='lat' dir='ltr'>rerum</span> 
     </span>
     <span class='ocr_line' id='line_1_15' title="bbox 214 1815 1364 1884; baseline -0.003 -2"><span class='ocrx_word' id='word_1_128' title='bbox 214 1819 391 1884; x_wconf 90' lang='lat' dir='ltr'>utilitatem</span> <span class='ocrx_word' id='word_1_129' title='bbox 422 1817 604 1881; x_wconf 91' lang='lat' dir='ltr'>secundum</span> <span class='ocrx_word' id='word_1_130' title='bbox 640 1815 788 1880; x_wconf 88' lang='lat' dir='ltr'>Marcelli</span> <span class='ocrx_word' id='word_1_131' title='bbox 826 1817 1027 1880; x_wconf 88' lang='lat' dir='ltr'>sententiam</span> <span class='ocrx_word' id='word_1_132' title='bbox 1057 1826 1168 1880; x_wconf 90' lang='lat' dir='ltr'>nostra</span> <span class='ocrx_word' id='word_1_133' title='bbox 1198 1816 1364 1880; x_wconf 86' lang='lat' dir='ltr'>decisione</span> 
     </span>
     <span class='ocr_line' id='line_1_16' title="bbox 215 1918 1364 2008; baseline -0.004 -21"><span class='ocrx_word' id='word_1_134' title='bbox 215 1921 425 2008; x_wconf 87' lang='lat' dir='ltr'>promulgata</span> <span class='ocrx_word' id='word_1_135' title='bbox 450 1921 659 2004; x_wconf 89' lang='lat' dir='ltr'>permisimus</span> <span class='ocrx_word' id='word_1_136' title='bbox 684 1940 751 1983; x_wconf 90' lang='lat' dir='ltr'>non</span> <span class='ocrx_word' id='word_1_137' title='bbox 774 1918 882 1983; x_wconf 93' lang='lat' dir='ltr'>solum</span> <span class='ocrx_word' id='word_1_138' title='bbox 906 1921 939 1983; x_wconf 93' lang='lat' dir='ltr'>in</span> <span class='ocrx_word' id='word_1_139' title='bbox 962 1941 1001 1984; x_wconf 91' lang='lat' dir='ltr'>ea</span> <span class='ocrx_word' id='word_1_140' title='bbox 1024 1921 1153 2004; x_wconf 87' lang='lat' dir='ltr'>degere,</span> <span class='ocrx_word' id='word_1_141' title='bbox 1180 1920 1239 1984; x_wconf 88' lang='lat' dir='ltr'>sed</span> <span class='ocrx_word' id='word_1_142' title='bbox 1264 1920 1364 1984; x_wconf 91' lang='lat' dir='ltr'>etiam</span> 
     </span>
     <span class='ocr_line' id='line_1_17' title="bbox 215 2027 419 2093; baseline -0.015 0"><span class='ocrx_word' id='word_1_143' title='bbox 215 2027 287 2093; x_wconf 89' lang='lat' dir='ltr'>aliis</span> <span class='ocrx_word' id='word_1_144' title='bbox 303 2027 419 2092; x_wconf 90' lang='lat' dir='ltr'>locare.</span> 
     </span>
    </p>

    <p class='ocr_par' dir='ltr' id='par_1_6' title="bbox 184 2125 1425 2625">
     <span class='ocr_line' id='line_1_18' title="bbox 184 2125 1365 2196; baseline -0.005 0"><span class='ocrx_word' id='word_1_145' title='bbox 184 2141 202 2195; x_wconf 91' lang='lat'><strong>6</strong></span> <span class='ocrx_word' id='word_1_146' title='bbox 260 2132 354 2196; x_wconf 90' lang='lat' dir='ltr'>Haec</span> <span class='ocrx_word' id='word_1_147' title='bbox 379 2131 422 2194; x_wconf 93' lang='lat' dir='ltr'>de</span> <span class='ocrx_word' id='word_1_148' title='bbox 447 2127 658 2194; x_wconf 90' lang='lat' dir='ltr'>servitutibus</span> <span class='ocrx_word' id='word_1_149' title='bbox 685 2135 719 2192; x_wconf 89' lang='lat' dir='ltr'>et</span> <span class='ocrx_word' id='word_1_150' title='bbox 745 2148 806 2191; x_wconf 91' lang='lat' dir='ltr'>usu</span> <span class='ocrx_word' id='word_1_151' title='bbox 830 2125 937 2192; x_wconf 81' lang='lat' dir='ltr'>fructu</span> <span class='ocrx_word' id='word_1_152' title='bbox 961 2136 995 2191; x_wconf 92' lang='lat' dir='ltr'>et</span> <span class='ocrx_word' id='word_1_153' title='bbox 1020 2148 1080 2190; x_wconf 90' lang='lat' dir='ltr'>usu</span> <span class='ocrx_word' id='word_1_154' title='bbox 1104 2136 1139 2192; x_wconf 91' lang='lat' dir='ltr'>et</span> <span class='ocrx_word' id='word_1_155' title='bbox 1160 2126 1365 2190; x_wconf 86' lang='lat' dir='ltr'>habitatione</span> 
     </span>
     <span class='ocr_line' id='line_1_19' title="bbox 215 2231 1365 2312; baseline -0.008 -11"><span class='ocrx_word' id='word_1_156' title='bbox 215 2237 339 2301; x_wconf 88' lang='lat' dir='ltr'>dixisse</span> <span class='ocrx_word' id='word_1_157' title='bbox 354 2234 503 2298; x_wconf 89' lang='lat' dir='ltr'>sufficiat.</span> <span class='ocrx_word' id='word_1_158' title='bbox 530 2233 573 2297; x_wconf 94' lang='lat' dir='ltr'>de</span> <span class='ocrx_word' id='word_1_159' title='bbox 588 2231 773 2296; x_wconf 86' lang='lat' dir='ltr'>hereditate</span> <span class='ocrx_word' id='word_1_160' title='bbox 788 2241 901 2295; x_wconf 90' lang='lat' dir='ltr'>autem</span> <span class='ocrx_word' id='word_1_161' title='bbox 917 2241 951 2296; x_wconf 92' lang='lat' dir='ltr'>et</span> <span class='ocrx_word' id='word_1_162' title='bbox 967 2232 1010 2295; x_wconf 91' lang='lat' dir='ltr'>de</span> <span class='ocrx_word' id='word_1_163' title='bbox 1025 2231 1282 2312; x_wconf 87' lang='lat' dir='ltr'>obligationibus</span> <span class='ocrx_word' id='word_1_164' title='bbox 1298 2232 1365 2294; x_wconf 89' lang='lat' dir='ltr'>suis</span> 
     </span>
     <span class='ocr_line' id='line_1_20' title="bbox 214 2335 1365 2421; baseline -0.003 -19"><span class='ocrx_word' id='word_1_165' title='bbox 214 2339 294 2404; x_wconf 93' lang='lat' dir='ltr'>locis</span> <span class='ocrx_word' id='word_1_166' title='bbox 309 2358 542 2421; x_wconf 90' lang='lat' dir='ltr'>proponamus.</span> <span class='ocrx_word' id='word_1_167' title='bbox 574 2337 790 2418; x_wconf 86' lang='lat' dir='ltr'>exposuimus</span> <span class='ocrx_word' id='word_1_168' title='bbox 813 2337 1015 2414; x_wconf 88' lang='lat' dir='ltr'>summatim,</span> <span class='ocrx_word' id='word_1_169' title='bbox 1032 2336 1152 2417; x_wconf 91' lang='lat' dir='ltr'>quibus</span> <span class='ocrx_word' id='word_1_170' title='bbox 1174 2335 1281 2398; x_wconf 92' lang='lat' dir='ltr'>modis</span> <span class='ocrx_word' id='word_1_171' title='bbox 1297 2335 1365 2398; x_wconf 93' lang='lat' dir='ltr'>iure</span> 
     </span>
     <span class='ocr_line' id='line_1_21' title="bbox 213 2437 1425 2527; baseline -0.005 -20"><span class='ocrx_word' id='word_1_172' title='bbox 213 2443 363 2527; x_wconf 91' lang='lat' dir='ltr'>gentium</span> <span class='ocrx_word' id='word_1_173' title='bbox 379 2462 430 2506; x_wconf 87' lang='lat' dir='ltr'>res</span> <span class='ocrx_word' id='word_1_174' title='bbox 446 2441 682 2523; x_wconf 90' lang='lat' dir='ltr'>adquiruntur:</span> <span class='ocrx_word' id='word_1_175' title='bbox 707 2440 808 2503; x_wconf 94' lang='lat' dir='ltr'>modo</span> <span class='ocrx_word' id='word_1_176' title='bbox 828 2441 1008 2516; x_wconf 87' lang='lat' dir='ltr'>videamus,</span> <span class='ocrx_word' id='word_1_177' title='bbox 1025 2439 1145 2522; x_wconf 92' lang='lat' dir='ltr'>quibus</span> <span class='ocrx_word' id='word_1_178' title='bbox 1161 2439 1268 2503; x_wconf 92' lang='lat' dir='ltr'>modis</span> <span class='ocrx_word' id='word_1_179' title='bbox 1284 2437 1366 2522; x_wconf 88' lang='lat' dir='ltr'>legi-</span> <span class='ocrx_word' id='word_1_180' title='bbox 1418 2467 1425 2474; x_wconf 90' lang='lat'><strong>·</strong></span> 
     </span>
     <span class='ocr_line' id='line_1_22' title="bbox 213 2544 773 2625; baseline -0.005 -15"><span class='ocrx_word' id='word_1_181' title='bbox 213 2547 296 2611; x_wconf 91' lang='lat' dir='ltr'>timo</span> <span class='ocrx_word' id='word_1_182' title='bbox 313 2555 346 2609; x_wconf 90' lang='lat' dir='ltr'>et</span> <span class='ocrx_word' id='word_1_183' title='bbox 361 2545 445 2609; x_wconf 90' lang='lat' dir='ltr'>civili</span> <span class='ocrx_word' id='word_1_184' title='bbox 462 2547 530 2609; x_wconf 88' lang='lat' dir='ltr'>iure</span> <span class='ocrx_word' id='word_1_185' title='bbox 545 2544 773 2625; x_wconf 89' lang='lat' dir='ltr'>adquiruntur.</span> 
     </span>
    </p>
   </div>
   <div class='ocr_carea' id='block_1_3' title="bbox 214 2747 1368 4492">
    <p class='ocr_par' dir='ltr' id='par_1_7' title="bbox 214 2747 1366 3139">
     <span class='ocr_line' id='line_1_23' title="bbox 214 2747 1365 2820; baseline 0 -16"><span class='ocrx_word' id='word_1_186' title='bbox 214 2749 247 2804; x_wconf 71' lang='grc' dir='ltr'>οἰ</span> <span class='ocrx_word' id='word_1_187' title='bbox 268 2767 286 2804; x_wconf 92' lang='lat' dir='ltr'>a</span> <span class='ocrx_word' id='word_1_188' title='bbox 310 2751 398 2804; x_wconf 89' lang='lat' dir='ltr'>house</span> <span class='ocrx_word' id='word_1_189' title='bbox 420 2765 477 2804; x_wconf 88' lang='lat' dir='ltr'>was</span> <span class='ocrx_word' id='word_1_190' title='bbox 501 2749 585 2819; x_wconf 84' lang='lat' dir='ltr'>given</span> <span class='ocrx_word' id='word_1_191' title='bbox 607 2747 698 2817; x_wconf 85' lang='lat' dir='ltr'>might</span> <span class='ocrx_word' id='word_1_192' title='bbox 721 2759 770 2806; x_wconf 89' lang='lat' dir='ltr'>not</span> <span class='ocrx_word' id='word_1_193' title='bbox 792 2747 847 2804; x_wconf 92' lang='lat' dir='ltr'>live</span> <span class='ocrx_word' id='word_1_194' title='bbox 870 2747 897 2802; x_wconf 89' lang='lat' dir='ltr'>in</span> <span class='ocrx_word' id='word_1_195' title='bbox 921 2748 941 2804; x_wconf 90' lang='lat' dir='ltr'>it</span> <span class='ocrx_word' id='word_1_196' title='bbox 962 2749 1029 2806; x_wconf 88' lang='lat' dir='ltr'>with</span> <span class='ocrx_word' id='word_1_197' title='bbox 1051 2751 1110 2820; x_wconf 90' lang='lat' dir='ltr'>her,</span> <span class='ocrx_word' id='word_1_198' title='bbox 1133 2749 1200 2820; x_wconf 88' lang='lat' dir='ltr'>Dig.</span> <span class='ocrx_word' id='word_1_199' title='bbox 1214 2763 1238 2817; x_wconf 89' lang='lat'>7.</span> <span class='ocrx_word' id='word_1_200' title='bbox 1252 2750 1314 2816; x_wconf 81' lang='lat'>84</span> <span class='ocrx_word' id='word_1_201' title='bbox 1333 2765 1365 2804; x_wconf 92' lang='lat'>1:</span> 
     </span>
     <span class='ocr_line' id='line_1_24' title="bbox 215 2829 1365 2906; baseline 0.001 -19"><span class='ocrx_word' id='word_1_202' title='bbox 215 2833 340 2887; x_wconf 82' lang='lat' dir='ltr'>whether</span> <span class='ocrx_word' id='word_1_203' title='bbox 352 2832 400 2886; x_wconf 92' lang='lat' dir='ltr'>the</span> <span class='ocrx_word' id='word_1_204' title='bbox 413 2833 538 2900; x_wconf 89' lang='lat' dir='ltr'>usuary’s</span> <span class='ocrx_word' id='word_1_205' title='bbox 551 2830 642 2885; x_wconf 89' lang='lat' dir='ltr'>liberti</span> <span class='ocrx_word' id='word_1_206' title='bbox 662 2829 752 2901; x_wconf 88' lang='lat' dir='ltr'>might</span> <span class='ocrx_word' id='word_1_207' title='bbox 764 2831 801 2886; x_wconf 94' lang='lat' dir='ltr'>be</span> <span class='ocrx_word' id='word_1_208' title='bbox 814 2831 923 2886; x_wconf 87' lang='lat' dir='ltr'>housed</span> <span class='ocrx_word' id='word_1_209' title='bbox 937 2849 994 2888; x_wconf 90' lang='lat' dir='ltr'>was</span> <span class='ocrx_word' id='word_1_210' title='bbox 1012 2851 1031 2888; x_wconf 89' lang='lat' dir='ltr'>a</span> <span class='ocrx_word' id='word_1_211' title='bbox 1049 2833 1179 2906; x_wconf 89' lang='lat' dir='ltr'>question</span> <span class='ocrx_word' id='word_1_212' title='bbox 1193 2843 1223 2888; x_wconf 91' lang='lat' dir='ltr'>to</span> <span class='ocrx_word' id='word_1_213' title='bbox 1235 2835 1283 2888; x_wconf 93' lang='lat' dir='ltr'>the</span> <span class='ocrx_word' id='word_1_214' title='bbox 1295 2833 1365 2888; x_wconf 88' lang='lat' dir='ltr'>time</span> 
     </span>
     <span class='ocr_line' id='line_1_25' title="bbox 215 2907 1366 2988; baseline 0.003 -19"><span class='ocrx_word' id='word_1_215' title='bbox 215 2917 249 2970; x_wconf 84' lang='lat' dir='ltr'>os</span> <span class='ocrx_word' id='word_1_216' title='bbox 267 2917 375 2983; x_wconf 89' lang='lat' dir='ltr'>Celsus,</span> <span class='ocrx_word' id='word_1_217' title='bbox 398 2914 464 2984; x_wconf 91' lang='lat' dir='ltr'>Dig.</span> <span class='ocrx_word' id='word_1_218' title='bbox 482 2915 519 2970; x_wconf 93' lang='lat' dir='ltr'>ib.</span> <span class='ocrx_word' id='word_1_219' title='bbox 538 2930 563 2970; x_wconf 85' lang='lat' dir='ltr'>a.</span> <span class='ocrx_word' id='word_1_220' title='bbox 585 2929 608 2970; x_wconf 88' lang='lat'>1.</span> <span class='ocrx_word' id='word_1_221' title='bbox 637 2913 717 2968; x_wconf 88' lang='lat' dir='ltr'>With</span> <span class='ocrx_word' id='word_1_222' title='bbox 744 2913 823 2970; x_wconf 87' lang='lat' dir='ltr'>‘aliis</span> <span class='ocrx_word' id='word_1_223' title='bbox 848 2915 950 2986; x_wconf 92' lang='lat' dir='ltr'>quibus</span> <span class='ocrx_word' id='word_1_224' title='bbox 975 2933 1033 2972; x_wconf 92' lang='lat' dir='ltr'>non</span> <span class='ocrx_word' id='word_1_225' title='bbox 1057 2907 1151 2972; x_wconf 85' lang='lat' dir='ltr'>minus</span> <span class='ocrx_word' id='word_1_226' title='bbox 1170 2934 1255 2988; x_wconf 91' lang='lat' dir='ltr'>quam</span> <span class='ocrx_word' id='word_1_227' title='bbox 1276 2917 1366 2972; x_wconf 87' lang='lat' dir='ltr'>servis</span> 
     </span>
     <span class='ocr_line' id='line_1_26' title="bbox 215 2997 1365 3072; baseline 0.001 -18"><span class='ocrx_word' id='word_1_228' title='bbox 215 2999 317 3055; x_wconf 89' lang='lat' dir='ltr'>utitur’</span> <span class='ocrx_word' id='word_1_229' title='bbox 335 2999 371 3055; x_wconf 85' lang='lat' dir='ltr'>cf.</span> <span class='ocrx_word' id='word_1_230' title='bbox 384 2997 450 3068; x_wconf 91' lang='lat' dir='ltr'>Dig.</span> <span class='ocrx_word' id='word_1_231' title='bbox 461 3011 485 3064; x_wconf 92' lang='lat'>7.</span> <span class='ocrx_word' id='word_1_232' title='bbox 497 2999 520 3053; x_wconf 95' lang='lat'>8.</span> <span class='ocrx_word' id='word_1_233' title='bbox 529 3013 555 3064; x_wconf 88' lang='grc'>4.</span> <span class='ocrx_word' id='word_1_234' title='bbox 565 3015 608 3068; x_wconf 89' lang='lat' dir='ltr'>pr.</span> <span class='ocrx_word' id='word_1_235' title='bbox 620 2997 708 3068; x_wconf 89' lang='lat' dir='ltr'>‘quos</span> <span class='ocrx_word' id='word_1_236' title='bbox 721 2999 785 3053; x_wconf 92' lang='lat' dir='ltr'>loco</span> <span class='ocrx_word' id='word_1_237' title='bbox 798 3016 942 3054; x_wconf 88' lang='lat' dir='ltr'>servorum</span> <span class='ocrx_word' id='word_1_238' title='bbox 957 3000 985 3055; x_wconf 93' lang='lat' dir='ltr'>in</span> <span class='ocrx_word' id='word_1_239' title='bbox 998 3001 1092 3072; x_wconf 89' lang='lat' dir='ltr'>operis</span> <span class='ocrx_word' id='word_1_240' title='bbox 1103 3001 1197 3072; x_wconf 83' lang='lat' dir='ltr'>habet,</span> <span class='ocrx_word' id='word_1_241' title='bbox 1205 2999 1270 3057; x_wconf 92' lang='lat' dir='ltr'>licet</span> <span class='ocrx_word' id='word_1_242' title='bbox 1284 3001 1365 3056; x_wconf 91' lang='lat' dir='ltr'>liberi</span> 
     </span>
     <span class='ocr_line' id='line_1_27' title="bbox 215 3083 288 3139; baseline 0 0"><span class='ocrx_word' id='word_1_243' title='bbox 215 3083 288 3139; x_wconf 82' lang='lat' dir='ltr'>sint&#39;</span> 
     </span>
    </p>

    <p class='ocr_par' dir='ltr' id='par_1_8' title="bbox 216 3165 1366 3322">
     <span class='ocr_line' id='line_1_28' title="bbox 252 3165 1366 3237; baseline 0.003 -16"><span class='ocrx_word' id='word_1_244' title='bbox 252 3165 310 3237; x_wconf 71' lang='lat'>§4</span> <span class='ocrx_word' id='word_1_245' title='bbox 330 3167 393 3222; x_wconf 89' lang='lat' dir='ltr'>The</span> <span class='ocrx_word' id='word_1_246' title='bbox 411 3165 454 3221; x_wconf 93' lang='lat' dir='ltr'>ius</span> <span class='ocrx_word' id='word_1_247' title='bbox 472 3165 646 3221; x_wconf 87' lang='lat' dir='ltr'>stercorandi</span> <span class='ocrx_word' id='word_1_248' title='bbox 666 3182 759 3222; x_wconf 86' lang='lat' dir='ltr'>seems</span> <span class='ocrx_word' id='word_1_249' title='bbox 772 3175 802 3222; x_wconf 91' lang='lat' dir='ltr'>to</span> <span class='ocrx_word' id='word_1_250' title='bbox 815 3167 987 3237; x_wconf 90' lang='lat' dir='ltr'>correspond</span> <span class='ocrx_word' id='word_1_251' title='bbox 1000 3177 1030 3223; x_wconf 92' lang='lat' dir='ltr'>to</span> <span class='ocrx_word' id='word_1_252' title='bbox 1042 3168 1091 3224; x_wconf 90' lang='lat' dir='ltr'>the</span> <span class='ocrx_word' id='word_1_253' title='bbox 1108 3185 1175 3222; x_wconf 88' lang='lat' dir='ltr'>usus</span> <span class='ocrx_word' id='word_1_254' title='bbox 1193 3167 1366 3224; x_wconf 86' lang='lat' dir='ltr'>cottidianus</span> 
     </span>
     <span class='ocr_line' id='line_1_29' title="bbox 216 3249 390 3322; baseline -0.006 -16"><span class='ocrx_word' id='word_1_255' title='bbox 216 3249 390 3322; x_wconf 77' lang='lat' dir='ltr'>os§1supr.</span> 
     </span>
    </p>

    <p class='ocr_par' dir='ltr' id='par_1_9' title="bbox 215 3331 1366 4071">
     <span class='ocr_line' id='line_1_30' title="bbox 252 3331 1366 3405; baseline 0.003 -17"><span class='ocrx_word' id='word_1_256' title='bbox 252 3332 266 3405; x_wconf 65' lang='grc' dir='ltr'><strong>ξ</strong></span> <span class='ocrx_word' id='word_1_257' title='bbox 281 3337 308 3388; x_wconf 81' lang='grc'>5.</span> <span class='ocrx_word' id='word_1_258' title='bbox 330 3335 356 3388; x_wconf 92' lang='lat' dir='ltr'>lt</span> <span class='ocrx_word' id='word_1_259' title='bbox 369 3350 426 3388; x_wconf 88' lang='lat' dir='ltr'>was</span> <span class='ocrx_word' id='word_1_260' title='bbox 440 3349 458 3388; x_wconf 89' lang='lat' dir='ltr'>a</span> <span class='ocrx_word' id='word_1_261' title='bbox 470 3331 600 3404; x_wconf 89' lang='lat' dir='ltr'>question</span> <span class='ocrx_word' id='word_1_262' title='bbox 614 3349 719 3404; x_wconf 88' lang='lat' dir='ltr'>among</span> <span class='ocrx_word' id='word_1_263' title='bbox 731 3334 780 3390; x_wconf 90' lang='lat' dir='ltr'>the</span> <span class='ocrx_word' id='word_1_264' title='bbox 789 3333 887 3405; x_wconf 83' lang='lat' dir='ltr'>jun&#39;sts</span> <span class='ocrx_word' id='word_1_265' title='bbox 900 3335 1025 3390; x_wconf 86' lang='lat' dir='ltr'>whether</span> <span class='ocrx_word' id='word_1_266' title='bbox 1037 3333 1176 3390; x_wconf 92' lang='lat' dir='ltr'>habitatio</span> <span class='ocrx_word' id='word_1_267' title='bbox 1189 3335 1246 3388; x_wconf 88' lang='lat' dir='ltr'>and</span> <span class='ocrx_word' id='word_1_268' title='bbox 1261 3351 1366 3404; x_wconf 84' lang='lat' dir='ltr'>operae</span> 
     </span>
     <span class='ocr_line' id='line_1_31' title="bbox 215 3415 1364 3488; baseline 0.001 -15"><span class='ocrx_word' id='word_1_269' title='bbox 215 3435 359 3474; x_wconf 87' lang='lat' dir='ltr'>servorum</span> <span class='ocrx_word' id='word_1_270' title='bbox 378 3417 438 3472; x_wconf 91' lang='lat' dir='ltr'>sive</span> <span class='ocrx_word' id='word_1_271' title='bbox 456 3415 621 3472; x_wconf 83' lang='lat' dir='ltr'>animalium</span> <span class='ocrx_word' id='word_1_272' title='bbox 636 3435 707 3472; x_wconf 86' lang='lat' dir='ltr'>were</span> <span class='ocrx_word' id='word_1_273' title='bbox 725 3417 841 3473; x_wconf 89' lang='lat' dir='ltr'>distinct</span> <span class='ocrx_word' id='word_1_274' title='bbox 860 3417 949 3488; x_wconf 87' lang='lat' dir='ltr'>rights</span> <span class='ocrx_word' id='word_1_275' title='bbox 967 3419 1040 3472; x_wconf 81' lang='lat' dir='ltr'>from</span> <span class='ocrx_word' id='word_1_276' title='bbox 1059 3435 1126 3472; x_wconf 90' lang='lat' dir='ltr'>usus</span> <span class='ocrx_word' id='word_1_277' title='bbox 1145 3417 1204 3472; x_wconf 90' lang='lat' dir='ltr'>and</span> <span class='ocrx_word' id='word_1_278' title='bbox 1222 3418 1364 3474; x_wconf 83' lang='lat' dir='ltr'>usufruct:</span> 
     </span>
     <span class='ocr_line' id='line_1_32' title="bbox 216 3499 1366 3571; baseline 0.002 -15"><span class='ocrx_word' id='word_1_279' title='bbox 216 3501 317 3571; x_wconf 88' lang='lat' dir='ltr'>‘operis</span> <span class='ocrx_word' id='word_1_280' title='bbox 326 3499 398 3556; x_wconf 89' lang='lat' dir='ltr'>servi</span> <span class='ocrx_word' id='word_1_281' title='bbox 407 3500 508 3570; x_wconf 88' lang='lat' dir='ltr'>legatis</span> <span class='ocrx_word' id='word_1_282' title='bbox 516 3517 599 3555; x_wconf 92' lang='lat' dir='ltr'>usum</span> <span class='ocrx_word' id='word_1_283' title='bbox 607 3501 705 3556; x_wconf 89' lang='lat' dir='ltr'>datum</span> <span class='ocrx_word' id='word_1_284' title='bbox 714 3501 837 3571; x_wconf 84' lang='lat' dir='ltr'>intellegi</span> <span class='ocrx_word' id='word_1_285' title='bbox 847 3511 874 3556; x_wconf 92' lang='lat' dir='ltr'>et</span> <span class='ocrx_word' id='word_1_286' title='bbox 882 3517 936 3571; x_wconf 88' lang='lat' dir='ltr'>ego</span> <span class='ocrx_word' id='word_1_287' title='bbox 944 3501 1031 3556; x_wconf 92' lang='lat' dir='ltr'>didici</span> <span class='ocrx_word' id='word_1_288' title='bbox 1040 3511 1068 3557; x_wconf 93' lang='lat' dir='ltr'>et</span> <span class='ocrx_word' id='word_1_289' title='bbox 1079 3501 1204 3556; x_wconf 88' lang='lat' dir='ltr'>lulianus</span> <span class='ocrx_word' id='word_1_290' title='bbox 1212 3501 1366 3558; x_wconf 85' lang='lat' dir='ltr'>existimat³</span> 
     </span>
     <span class='ocr_line' id='line_1_33' title="bbox 217 3583 1365 3655; baseline 0.002 -16"><span class='ocrx_word' id='word_1_291' title='bbox 217 3585 349 3639; x_wconf 89' lang='lat' dir='ltr'>Clemens</span> <span class='ocrx_word' id='word_1_292' title='bbox 369 3583 397 3638; x_wconf 93' lang='lat' dir='ltr'>in</span> <span class='ocrx_word' id='word_1_293' title='bbox 418 3584 484 3653; x_wconf 93' lang='lat' dir='ltr'>Dig.</span> <span class='ocrx_word' id='word_1_294' title='bbox 497 3596 520 3650; x_wconf 95' lang='lat'>7.</span> <span class='ocrx_word' id='word_1_295' title='bbox 536 3597 560 3651; x_wconf 92' lang='lat'>7.</span> <span class='ocrx_word' id='word_1_296' title='bbox 576 3597 589 3653; x_wconf 83' lang='grc'><strong>5</strong></span> <span class='ocrx_word' id='word_1_297' title='bbox 604 3602 611 3652; x_wconf 87' lang='lat'><strong>;</strong></span> <span class='ocrx_word' id='word_1_298' title='bbox 630 3585 673 3638; x_wconf 83' lang='lat' dir='ltr'>lor</span> <span class='ocrx_word' id='word_1_299' title='bbox 685 3585 733 3640; x_wconf 90' lang='lat' dir='ltr'>the</span> <span class='ocrx_word' id='word_1_300' title='bbox 745 3585 876 3640; x_wconf 80' lang='lat' dir='ltr'>different</span> <span class='ocrx_word' id='word_1_301' title='bbox 889 3585 974 3640; x_wconf 88' lang='lat' dir='ltr'>views</span> <span class='ocrx_word' id='word_1_302' title='bbox 991 3584 1152 3655; x_wconf 88' lang='lat' dir='ltr'>respecting</span> <span class='ocrx_word' id='word_1_303' title='bbox 1164 3583 1303 3640; x_wconf 84' lang='lat' dir='ltr'>habitatio</span> <span class='ocrx_word' id='word_1_304' title='bbox 1316 3602 1365 3641; x_wconf 88' lang='lat' dir='ltr'>see</span> 
     </span>
     <span class='ocr_line' id='line_1_34' title="bbox 218 3665 1366 3738; baseline 0.001 -15"><span class='ocrx_word' id='word_1_305' title='bbox 218 3666 323 3735; x_wconf 88' lang='lat' dir='ltr'>Ulpian</span> <span class='ocrx_word' id='word_1_306' title='bbox 338 3665 366 3720; x_wconf 90' lang='lat' dir='ltr'>in</span> <span class='ocrx_word' id='word_1_307' title='bbox 380 3665 446 3736; x_wconf 87' lang='lat' dir='ltr'>Dig.</span> <span class='ocrx_word' id='word_1_308' title='bbox 465 3681 490 3734; x_wconf 91' lang='lat'>7.</span> <span class='ocrx_word' id='word_1_309' title='bbox 505 3669 528 3722; x_wconf 89' lang='lat'>8.</span> <span class='ocrx_word' id='word_1_310' title='bbox 547 3681 586 3735; x_wconf 90' lang='lat'>10,</span> <span class='ocrx_word' id='word_1_311' title='bbox 602 3667 660 3722; x_wconf 88' lang='lat' dir='ltr'>and</span> <span class='ocrx_word' id='word_1_312' title='bbox 674 3668 743 3724; x_wconf 87' lang='lat' dir='ltr'>Cod.</span> <span class='ocrx_word' id='word_1_313' title='bbox 755 3683 832 3738; x_wconf 47' lang='lat'>334</span> <span class='ocrx_word' id='word_1_314' title='bbox 848 3683 886 3737; x_wconf 83' lang='lat'>13.</span> <span class='ocrx_word' id='word_1_315' title='bbox 935 3668 1046 3738; x_wconf 84' lang='lat' dir='ltr'>Finally</span> <span class='ocrx_word' id='word_1_316' title='bbox 1060 3669 1109 3723; x_wconf 92' lang='lat' dir='ltr'>the</span> <span class='ocrx_word' id='word_1_317' title='bbox 1128 3667 1293 3724; x_wconf 88' lang='lat' dir='ltr'>distinction</span> <span class='ocrx_word' id='word_1_318' title='bbox 1308 3686 1366 3724; x_wconf 85' lang='lat' dir='ltr'>was</span> 
     </span>
     <span class='ocr_line' id='line_1_35' title="bbox 216 3749 1366 3824; baseline 0.002 -18"><span class='ocrx_word' id='word_1_319' title='bbox 216 3749 376 3816; x_wconf 83' lang='lat' dir='ltr'>admitted;</span> <span class='ocrx_word' id='word_1_320' title='bbox 396 3749 445 3806; x_wconf 93' lang='lat' dir='ltr'>the</span> <span class='ocrx_word' id='word_1_321' title='bbox 462 3750 557 3821; x_wconf 91' lang='lat' dir='ltr'>points</span> <span class='ocrx_word' id='word_1_322' title='bbox 574 3751 606 3804; x_wconf 85' lang='lat' dir='ltr'>ol</span> <span class='ocrx_word' id='word_1_323' title='bbox 621 3750 774 3808; x_wconf 84' lang='lat' dir='ltr'>difference</span> <span class='ocrx_word' id='word_1_324' title='bbox 786 3753 914 3808; x_wconf 87' lang='lat' dir='ltr'>between</span> <span class='ocrx_word' id='word_1_325' title='bbox 933 3752 1014 3808; x_wconf 89' lang='lat' dir='ltr'>these</span> <span class='ocrx_word' id='word_1_326' title='bbox 1031 3761 1087 3807; x_wconf 91' lang='lat' dir='ltr'>two</span> <span class='ocrx_word' id='word_1_327' title='bbox 1105 3751 1196 3824; x_wconf 88' lang='lat' dir='ltr'>rights</span> <span class='ocrx_word' id='word_1_328' title='bbox 1213 3754 1270 3808; x_wconf 88' lang='lat' dir='ltr'>and</span> <span class='ocrx_word' id='word_1_329' title='bbox 1288 3770 1366 3823; x_wconf 90' lang='lat' dir='ltr'>usus,</span> 
     </span>
     <span class='ocr_line' id='line_1_36' title="bbox 217 3832 1366 3906; baseline 0.005 -20"><span class='ocrx_word' id='word_1_330' title='bbox 217 3832 309 3888; x_wconf 85' lang='lat' dir='ltr'>which</span> <span class='ocrx_word' id='word_1_331' title='bbox 327 3833 395 3902; x_wconf 88' lang='lat' dir='ltr'>they</span> <span class='ocrx_word' id='word_1_332' title='bbox 407 3843 482 3890; x_wconf 92' lang='lat' dir='ltr'>most</span> <span class='ocrx_word' id='word_1_333' title='bbox 499 3835 648 3905; x_wconf 84' lang='lat' dir='ltr'>resemble,</span> <span class='ocrx_word' id='word_1_334' title='bbox 665 3835 752 3905; x_wconf 88' lang='lat' dir='ltr'>being</span> <span class='ocrx_word' id='word_1_335' title='bbox 770 3837 831 3892; x_wconf 88' lang='lat' dir='ltr'>that</span> <span class='ocrx_word' id='word_1_336' title='bbox 851 3836 1015 3892; x_wconf 89' lang='lat' dir='ltr'>mentioned</span> <span class='ocrx_word' id='word_1_337' title='bbox 1034 3836 1062 3891; x_wconf 90' lang='lat' dir='ltr'>iu</span> <span class='ocrx_word' id='word_1_338' title='bbox 1081 3837 1130 3892; x_wconf 94' lang='lat' dir='ltr'>the</span> <span class='ocrx_word' id='word_1_339' title='bbox 1148 3847 1215 3906; x_wconf 89' lang='lat' dir='ltr'>text,</span> <span class='ocrx_word' id='word_1_340' title='bbox 1228 3837 1286 3891; x_wconf 84' lang='lat' dir='ltr'>and</span> <span class='ocrx_word' id='word_1_341' title='bbox 1304 3838 1366 3892; x_wconf 88' lang='lat' dir='ltr'>that</span> 
     </span>
     <span class='ocr_line' id='line_1_37' title="bbox 216 3917 1365 3991; baseline 0.003 -19"><span class='ocrx_word' id='word_1_342' title='bbox 216 3917 284 3986; x_wconf 88' lang='lat' dir='ltr'>they</span> <span class='ocrx_word' id='word_1_343' title='bbox 297 3933 369 3972; x_wconf 89' lang='lat' dir='ltr'>were</span> <span class='ocrx_word' id='word_1_344' title='bbox 386 3927 435 3973; x_wconf 89' lang='lat' dir='ltr'>not</span> <span class='ocrx_word' id='word_1_345' title='bbox 454 3917 652 3988; x_wconf 86' lang='lat' dir='ltr'>extinguished</span> <span class='ocrx_word' id='word_1_346' title='bbox 667 3918 705 3988; x_wconf 89' lang='lat' dir='ltr'>by</span> <span class='ocrx_word' id='word_1_347' title='bbox 718 3936 853 3976; x_wconf 89' lang='lat' dir='ltr'>non-user</span> <span class='ocrx_word' id='word_1_348' title='bbox 871 3937 904 3975; x_wconf 92' lang='lat' dir='ltr'>or</span> <span class='ocrx_word' id='word_1_349' title='bbox 922 3919 1023 3991; x_wconf 88' lang='lat' dir='ltr'>capitis</span> <span class='ocrx_word' id='word_1_350' title='bbox 1042 3919 1207 3989; x_wconf 88' lang='lat' dir='ltr'>deminutio,</span> <span class='ocrx_word' id='word_1_351' title='bbox 1222 3919 1287 3990; x_wconf 86' lang='lat' dir='ltr'>Dig.</span> <span class='ocrx_word' id='word_1_352' title='bbox 1301 3933 1325 3987; x_wconf 94' lang='lat'>7.</span> <span class='ocrx_word' id='word_1_353' title='bbox 1340 3921 1365 3976; x_wconf 90' lang='lat'>8.</span> 
     </span>
     <span class='ocr_line' id='line_1_38' title="bbox 221 4015 315 4071; baseline 0.011 -17"><span class='ocrx_word' id='word_1_354' title='bbox 221 4015 261 4056; x_wconf 91' lang='lat'>10.</span> <span class='ocrx_word' id='word_1_355' title='bbox 273 4017 315 4071; x_wconf 91' lang='lat' dir='ltr'>pr.</span> 
     </span>
    </p>

    <p class='ocr_par' dir='ltr' id='par_1_10' title="bbox 219 4081 1366 4252">
     <span class='ocr_line' id='line_1_39' title="bbox 253 4081 1366 4144; baseline 0.004 -6"><span class='ocrx_word' id='word_1_356' title='bbox 253 4085 311 4138; x_wconf 83' lang='lat' dir='ltr'>For</span> <span class='ocrx_word' id='word_1_357' title='bbox 323 4085 370 4140; x_wconf 88' lang='lat' dir='ltr'>the</span> <span class='ocrx_word' id='word_1_358' title='bbox 383 4084 463 4140; x_wconf 89' lang='lat' dir='ltr'>three</span> <span class='ocrx_word' id='word_1_359' title='bbox 476 4084 537 4140; x_wconf 86' lang='lat' dir='ltr'>iura</span> <span class='ocrx_word' id='word_1_360' title='bbox 549 4081 578 4140; x_wconf 91' lang='lat' dir='ltr'>in</span> <span class='ocrx_word' id='word_1_361' title='bbox 590 4103 621 4142; x_wconf 89' lang='lat' dir='ltr'>re</span> <span class='ocrx_word' id='word_1_362' title='bbox 634 4085 727 4142; x_wconf 84' lang='lat' dir='ltr'>aliena</span> <span class='ocrx_word' id='word_1_363' title='bbox 739 4087 830 4142; x_wconf 87' lang='lat' dir='ltr'>which</span> <span class='ocrx_word' id='word_1_364' title='bbox 843 4103 915 4143; x_wconf 87' lang='lat' dir='ltr'>were</span> <span class='ocrx_word' id='word_1_365' title='bbox 928 4097 978 4144; x_wconf 91' lang='lat' dir='ltr'>not</span> <span class='ocrx_word' id='word_1_366' title='bbox 991 4085 1148 4144; x_wconf 81' lang='lat' dir='ltr'>servitudes</span> <span class='ocrx_word' id='word_1_367' title='bbox 1161 4103 1209 4143; x_wconf 85' lang='lat' dir='ltr'>see</span> <span class='ocrx_word' id='word_1_368' title='bbox 1223 4089 1366 4144; x_wconf 88' lang='lat' dir='ltr'>Excursus</span> 
     </span>
     <span class='ocr_line' id='line_1_40' title="bbox 219 4167 705 4252; baseline 0.006 -30"><span class='ocrx_word' id='word_1_369' title='bbox 219 4169 248 4252; x_wconf 76' lang='lat' dir='ltr'>ll</span> <span class='ocrx_word' id='word_1_370' title='bbox 263 4177 292 4222; x_wconf 88' lang='lat' dir='ltr'>at</span> <span class='ocrx_word' id='word_1_371' title='bbox 305 4169 354 4224; x_wconf 91' lang='lat' dir='ltr'>the</span> <span class='ocrx_word' id='word_1_372' title='bbox 366 4168 422 4224; x_wconf 91' lang='lat' dir='ltr'>end</span> <span class='ocrx_word' id='word_1_373' title='bbox 435 4169 467 4223; x_wconf 81' lang='lat' dir='ltr'>oi</span> <span class='ocrx_word' id='word_1_374' title='bbox 475 4167 531 4223; x_wconf 90' lang='lat' dir='ltr'>this</span> <span class='ocrx_word' id='word_1_375' title='bbox 546 4169 634 4225; x_wconf 80' lang='lat' dir='ltr'>Boolc</span> <span class='ocrx_word' id='word_1_376' title='bbox 702 4173 705 4178; x_wconf 83' lang='lat'>&#39;</span> 
     </span>
    </p>

    <p class='ocr_par' dir='ltr' id='par_1_11' title="bbox 217 4249 1368 4492">
     <span class='ocr_line' id='line_1_41' title="bbox 253 4249 1366 4325; baseline 0.003 -20"><span class='ocrx_word' id='word_1_377' title='bbox 253 4249 268 4321; x_wconf 69' lang='grc' dir='ltr'><strong>ξ</strong></span> <span class='ocrx_word' id='word_1_378' title='bbox 282 4255 311 4307; x_wconf 84' lang='lat' dir='ltr'>o.</span> <span class='ocrx_word' id='word_1_379' title='bbox 331 4250 447 4320; x_wconf 82' lang='lat' dir='ltr'>Having</span> <span class='ocrx_word' id='word_1_380' title='bbox 459 4251 609 4307; x_wconf 88' lang='lat' dir='ltr'>described</span> <span class='ocrx_word' id='word_1_381' title='bbox 621 4253 669 4308; x_wconf 89' lang='lat' dir='ltr'>the</span> <span class='ocrx_word' id='word_1_382' title='bbox 682 4253 793 4309; x_wconf 86' lang='lat' dir='ltr'>natural</span> <span class='ocrx_word' id='word_1_383' title='bbox 806 4254 906 4309; x_wconf 86' lang='lat' dir='ltr'>modes</span> <span class='ocrx_word' id='word_1_384' title='bbox 920 4253 953 4308; x_wconf 82' lang='lat' dir='ltr'>os</span> <span class='ocrx_word' id='word_1_385' title='bbox 960 4253 1107 4325; x_wconf 86' lang='lat' dir='ltr'>acquiring</span> <span class='ocrx_word' id='word_1_386' title='bbox 1119 4270 1164 4308; x_wconf 88' lang='lat' dir='ltr'>res</span> <span class='ocrx_word' id='word_1_387' title='bbox 1182 4253 1366 4324; x_wconf 86' lang='lat' dir='ltr'>(corporales)</span> 
     </span>
     <span class='ocr_line' id='line_1_42' title="bbox 218 4332 1367 4408; baseline 0.003 -20"><span class='ocrx_word' id='word_1_388' title='bbox 218 4332 345 4404; x_wconf 88' lang='lat' dir='ltr'>singulae</span> <span class='ocrx_word' id='word_1_389' title='bbox 359 4333 387 4388; x_wconf 93' lang='lat' dir='ltr'>in</span> <span class='ocrx_word' id='word_1_390' title='bbox 401 4334 455 4388; x_wconf 89' lang='lat' dir='ltr'>Tit.</span> <span class='ocrx_word' id='word_1_391' title='bbox 474 4349 484 4388; x_wconf 90' lang='lat'>1</span> <span class='ocrx_word' id='word_1_392' title='bbox 498 4335 640 4404; x_wconf 87' lang='lat' dir='ltr'>Justinian</span> <span class='ocrx_word' id='word_1_393' title='bbox 658 4337 739 4392; x_wconf 82' lang='lat' dir='ltr'>takes</span> <span class='ocrx_word' id='word_1_394' title='bbox 756 4337 898 4408; x_wconf 84' lang='lat' dir='ltr'>occasion,</span> <span class='ocrx_word' id='word_1_395' title='bbox 912 4338 983 4393; x_wconf 83' lang='lat' dir='ltr'>after</span> <span class='ocrx_word' id='word_1_396' title='bbox 1001 4337 1128 4408; x_wconf 86' lang='lat' dir='ltr'>drawing</span> <span class='ocrx_word' id='word_1_397' title='bbox 1140 4337 1188 4392; x_wconf 88' lang='lat' dir='ltr'>the</span> <span class='ocrx_word' id='word_1_398' title='bbox 1201 4335 1367 4392; x_wconf 88' lang='lat' dir='ltr'>distinction</span> 
     </span>
     <span class='ocr_line' id='line_1_43' title="bbox 217 4416 1368 4492; baseline 0.003 -20"><span class='ocrx_word' id='word_1_399' title='bbox 217 4417 344 4472; x_wconf 88' lang='lat' dir='ltr'>between</span> <span class='ocrx_word' id='word_1_400' title='bbox 362 4416 458 4488; x_wconf 87' lang='lat' dir='ltr'>things</span> <span class='ocrx_word' id='word_1_401' title='bbox 477 4421 622 4490; x_wconf 74' lang='lat' dir='ltr'>corpor-eal</span> <span class='ocrx_word' id='word_1_402' title='bbox 642 4421 700 4476; x_wconf 84' lang='lat' dir='ltr'>and</span> <span class='ocrx_word' id='word_1_403' title='bbox 720 4419 896 4492; x_wconf 86' lang='lat' dir='ltr'>incorporeal</span> <span class='ocrx_word' id='word_1_404' title='bbox 912 4421 941 4476; x_wconf 92' lang='lat' dir='ltr'>in</span> <span class='ocrx_word' id='word_1_405' title='bbox 954 4419 1010 4477; x_wconf 87' lang='lat' dir='ltr'>Tit.</span> <span class='ocrx_word' id='word_1_406' title='bbox 1031 4435 1056 4491; x_wconf 88' lang='lat'>2,</span> <span class='ocrx_word' id='word_1_407' title='bbox 1073 4431 1103 4476; x_wconf 93' lang='lat' dir='ltr'>to</span> <span class='ocrx_word' id='word_1_408' title='bbox 1126 4420 1237 4476; x_wconf 90' lang='lat' dir='ltr'>discuss</span> <span class='ocrx_word' id='word_1_409' title='bbox 1258 4437 1296 4476; x_wconf 86' lang='lat' dir='ltr'>an</span> <span class='ocrx_word' id='word_1_410' title='bbox 1316 4419 1368 4474; x_wconf 87' lang='lat' dir='ltr'>im-</span> 
     </span>
    </p>
   </div>
   <div class='ocr_carea' id='block_1_4' title="bbox 0 0 1593 5022">
    <p class='ocr_par' dir='ltr' id='par_1_12' title="bbox 0 0 1593 5022">
     <span class='ocr_line' id='line_1_44' title="bbox 0 0 1593 5022; baseline 0 0"><span class='ocrx_word' id='word_1_411' title='bbox 0 0 1593 5022; x_wconf 95' lang='lat' dir='ltr'> </span> 
     </span>
    </p>
   </div>
  </div>
 </body>
</html>
