3166 5022
201 319 252 368 Tit.
262 311 314 383 ¹9·]
336 310 397 367 DE
406 310 625 366 HEREDUM
635 310 795 382 QUALJT
793 311 821 370 Α
828 311 855 364 Τ
852 310 882 365 E
889 309 949 364 ET
954 310 1202 367 DIFFERENT
1202 313 1259 372 [Α.
1284 323 1346 392 273

194 479 370 544 intestatus
379 485 528 542 mortuus
540 476 591 556 sit,
600 477 706 561 prima
721 485 881 542 causaest
893 477 927 540 in
939 477 1146 542 successione
1161 477 1347 544 liberorum.

194 583 368 650 necessarii
382 603 461 648 vero
480 583 556 647 ideo
576 582 738 660 dicuntur,
757 581 835 665 quia
850 581 1053 660 omnimodo,
1076 583 1145 648 sive
1162 582 1264 648 velint
1280 583 1348 648 sive

194 687 308 766 nolint,
330 697 402 754 tam
427 687 471 751 ab
498 687 656 751 intestato
682 706 783 770 quam
804 707 849 749 ex
868 694 1069 752 testamento
1090 687 1229 752 heredes
1253 685 1347 756 fiunt.

194 793 253 860 sed
269 792 320 857 his
334 800 467 876 praetor
480 791 643 875 permittit
657 789 844 855 volentibus
859 791 1025 854 abstinere
1046 811 1082 855 se
1096 790 1139 854 ab
1154 789 1348 870 hereditate,

195 906 232 961 ut
246 897 357 981 potius
372 895 517 979 parentis
539 915 640 978 quam
660 895 805 978 ipsorum
826 893 915 958 bona
933 891 1084 960 similiter
1096 915 1117 958 a
1132 894 1348 959 creditoribus

194 1001 436 1084 possideantur.

238 1104 358 1180 Ceteri,
374 1103 430 1186 qui
446 1102 615 1168 testatoris
630 1101 690 1165 iuri
707 1100 845 1166 subiecti
861 1121 926 1166 non
942 1110 1028 1178 sunt,
1045 1103 1194 1166 extranei
1209 1101 1347 1168 heredes
1361 1115 1378 1170 3

194 1205 414 1292 appellantur.
447 1207 559 1289 itaque
572 1195 663 1269 liberi
675 1223 808 1287 quoque
820 1203 931 1283 nostri,
942 1204 998 1288 qui
1011 1204 1044 1268 in
1056 1213 1224 1288 potestate
1236 1215 1348 1271 nostra

194 1331 261 1376 non
277 1319 362 1390 sunt,
377 1309 518 1376 heredes
538 1331 559 1374 a
580 1310 675 1374 nobis
694 1310 835 1374 instituti
857 1309 1006 1373 extranei
1027 1307 1166 1375 heredes
1185 1310 1347 1380 videntur.

194 1435 260 1498 qua
283 1416 327 1479 de
350 1435 450 1479 causa
479 1423 514 1479 et
542 1414 599 1498 qui
628 1413 766 1478 heredes
792 1432 813 1477 a
839 1422 945 1476 matre
974 1413 1199 1491 instituuntur,
1229 1415 1348 1483 eodem

195 1539 333 1582 numero
360 1527 447 1595 sunt,
473 1518 551 1602 quia
574 1517 718 1582 feminae
741 1518 775 1581 in
796 1525 963 1600 potestate
984 1517 1105 1583 liberos
1127 1539 1200 1596 non
1214 1517 1347 1584 habent.

195 1643 307 1690 servus
322 1643 455 1706 quoque
469 1643 490 1686 a
506 1622 643 1687 domino
658 1621 753 1686 heres
773 1621 941 1686 institutus
960 1629 994 1685 et
1012 1631 1089 1704 post
1108 1631 1348 1686 testamentum

193 1726 319 1792 factum
336 1727 380 1790 ab
401 1747 442 1790 eo
461 1727 682 1791 manumissus
697 1726 817 1790 eodem
840 1745 977 1789 numero
992 1724 1141 1792 habetur.
1181 1725 1220 1789 In
1236 1735 1379 1797 extra-4

195 1831 265 1895 neis
279 1829 455 1895 heredibus
466 1830 547 1894 illud
559 1831 760 1908 observatur,
771 1839 807 1894 ut
823 1830 866 1894 sit
881 1829 1017 1894 cumeis
1032 1830 1223 1894 testamenti
1236 1829 1346 1908 factio,

195 1935 264 1998 sive
275 1934 337 2018 ipsi
346 1934 484 2000 heredes
494 1935 707 1998 instituantur
715 1935 783 1996 sive
797 1931 831 1996 hi
843 1933 900 2016 qui
912 1935 945 1996 in
955 1942 1123 2017 potestate
1135 1954 1249 1998 eorum
1260 1943 1347 1998 sunt.

195 2047 229 2102 et
244 2037 278 2102 id
294 2037 425 2102 duobus
440 2037 645 2122 temporibus
661 2038 839 2120 inspicitur,
854 2038 1046 2102 testamenti
1061 2037 1196 2120 quidem
1212 2037 1300 2116 iacti,
1310 2046 1349 2102 ut

196 2141 381 2207 constiterit
396 2141 570 2218 institutio,
587 2142 703 2204 mortis
713 2161 791 2204 vero
806 2141 983 2217 testatoris,
994 2149 1031 2204 ut
1047 2140 1200 2205 effectum
1215 2140 1347 2206 habeat.

194 2247 258 2312 hoc
287 2246 431 2330 amplius
455 2255 489 2310 et
519 2266 595 2310 cum
621 2245 693 2310 adit
718 2243 948 2319 hereditatem,
971 2266 1043 2310 esse
1073 2245 1174 2308 debet
1202 2264 1278 2309 curn
1308 2265 1349 2309 eo

195 2353 387 2416 testamenti
403 2349 511 2429 factio,
523 2350 591 2414 sive
602 2369 685 2434 pure
701 2349 770 2414 sive
785 2348 847 2412 sub
863 2349 1056 2413 condicione
1069 2346 1164 2414 heres
1180 2348 1349 2414 institutus

197 2456 259 2519 sit:
289 2475 366 2518 nam
390 2455 440 2517 ius
463 2452 594 2517 heredis
618 2473 658 2516 eo
684 2451 737 2515 vel
764 2451 911 2514 maxime
934 2460 1084 2535 tempore
1108 2451 1349 2535 inspiciendum

197 2607 323 2663 Trinum.
338 2624 362 2662 2.
376 2623 401 2663 2.
414 2609 460 2676 48,
477 2609 570 2663 where
584 2623 603 2662 a
624 2623 677 2662 son
697 2623 764 2675 says
786 2614 816 2660 to
838 2605 883 2659 his
904 2605 997 2660 father
1018 2605 1070 2661 ‘de
1079 2621 1162 2661 meo:
1187 2621 1255 2660 nam
1272 2605 1349 2676 quod

196 2693 318 2761 tuum’st,
330 2693 479 2762 meum'st’
497 2691 532 2746 cf.
546 2691 607 2746 also
626 2691 763 2758 Terence,
778 2691 883 2744 Heaut.
900 2703 923 2743 r.
939 2704 961 2742 r.
975 2701 1018 2758 79,
1032 2688 1091 2744 Cic.
1104 2687 1134 2743 in
1147 2689 1226 2743 Verr.
1237 2703 1262 2742 2.
1280 2703 1301 2742 1.
1314 2702 1350 2756 44

198 2773 381 2846 ‘quibuscum
411 2774 439 2844 (i.
449 2791 474 2830 e.
505 2791 540 2829 ex
568 2772 677 2843 liberis)
705 2771 761 2828 vivi
789 2772 866 2828 bona
892 2772 1047 2843 partimur,'
1077 2771 1167 2842 Pliny,
1185 2787 1287 2842 paneg.
1307 2785 1350 2840 37,

196 2858 349 2928 Ausonius,
368 2859 438 2929 Idyl.
458 2874 482 2928 3.
501 2873 526 2927 3.

233 2943 304 2998 This
318 2942 506 2998 ‘beneficium
519 2940 697 2998 abstinendi’
712 2939 863 3011 exempted
878 2957 896 2996 a
913 2957 980 2996 suus
998 2941 1079 2996 heres
1096 2939 1169 2996 from
1181 2941 1219 2995 all
1231 2939 1350 3009 liability

197 3027 241 3082 lor
258 3026 303 3081 his
321 3028 425 3098 pater's
444 3027 537 3095 debts,
550 3026 591 3081 ‘si
610 3043 641 3081 se
660 3024 811 3081 hereditati
829 3041 888 3078 non
914 3023 1118 3091 immiscuerit:
1136 3023 1154 3078 i.
1163 3041 1187 3079 e.
1207 3023 1231 3077 il
1245 3023 1282 3079 he
1300 3022 1350 3080 did

197 3109 317 3181 nothing
329 3111 401 3165 from
415 3109 506 3166 which
524 3119 698 3180 acceptance
717 3109 750 3162 oi
762 3109 812 3163 the
831 3107 976 3162 hereditas
993 3107 1077 3162 could
1090 3107 1126 3162 be
1144 3105 1283 3172 inferred5
1301 3106 1349 3160 ‘ut

198 3192 328 3264 quamvis
342 3191 528 3248 creditoribus
541 3190 720 3248 hereditariis
734 3190 794 3245 iure
807 3189 881 3244 civili
894 3199 1052 3260 teneantur,
1064 3199 1161 3244 tamen
1174 3188 1203 3243 in
1216 3205 1266 3244 eos
1274 3187 1349 3243 actio

197 3293 255 3331 non
268 3276 358 3346 detur,
372 3275 395 3330 si
409 3275 497 3332 velint
513 3274 708 3346 derelinquere
726 3273 929 3328 hereditatem'
943 3272 1008 3343 Dig.
1023 3287 1064 3342 ²9·
1080 3287 1104 3325 2.
1120 3284 1160 3340 57.
1174 3287 1215 3341 pr.
1230 3290 1237 3339 ;
1261 3269 1349 3324 anda

198 3376 266 3416 suus
278 3360 360 3416 heres
373 3361 436 3414 who
448 3377 505 3416 was
523 3377 541 3415 a
560 3358 653 3414 minor
665 3374 723 3413 was
741 3366 792 3412 not
810 3356 975 3428 prejudiced
991 3373 1062 3411 even
1079 3355 1118 3424 by
1133 3355 1203 3410 such
1222 3352 1347 3408 ‘immix-

198 3442 275 3514 tion,’
289 3441 303 3515 ξ
319 3457 332 3514 5
347 3443 404 3514 ini,
419 3443 485 3515 Dig.
499 3457 540 3514 29
556 3452 579 3498 2
596 3455 636 3513 57.
650 3459 692 3514 pr.
706 3441 763 3497 and
780 3455 802 3494 1.
840 3441 903 3494 The
920 3440 1008 3494 result
1023 3439 1056 3494 os
1068 3437 1126 3493 this
1144 3436 1279 3508 privilege
1291 3453 1348 3491 was

197 3527 363 3598 practically
377 3537 407 3584 to
424 3527 580 3584 assimilare
597 3525 646 3581 the
666 3541 733 3581 suus
750 3533 778 3580 et
795 3523 972 3579 necessarius
986 3523 1068 3578 heres
1085 3531 1115 3576 to
1130 3538 1167 3576 an
1180 3530 1348 3588 extraneus3

198 3611 410 3682 consequently,
423 3611 460 3665 he
473 3609 566 3678 could,
575 3607 631 3664 like
643 3607 692 3663 the
705 3609 796 3676 latter,
809 3607 845 3662 be
858 3605 1017 3676 compelled
1028 3605 1067 3674 by
1079 3605 1127 3660 the
1140 3603 1305 3674 magistrate
1318 3611 1348 3657 to

198 3693 300 3748 decide
312 3691 409 3750 within
422 3710 440 3750 a
456 3691 621 3764 prescribed
636 3691 705 3747 time
721 3691 847 3746 whether
862 3690 898 3744 he
915 3699 1012 3744 meant
1027 3699 1057 3744 to
1070 3687 1144 3744 avail
1157 3687 1273 3742 himself
1281 3686 1314 3741 oi
1327 3685 1348 3742 it

198 3791 232 3830 or
242 3784 301 3844 not,
316 3773 382 3846 Dig.
397 3775 439 3830 28.
455 3776 480 3830 8.
494 3787 519 3842 7.
533 3791 584 3845 pr,
599 3773 670 3829 Coti.
679 3773 704 3828 6.
716 3788 759 3842 3o
774 3787 814 3842 19.
834 3773 863 3826 li
872 3773 909 3827 he
921 3771 979 3841 did,
992 3773 1028 3827 he
1041 3789 1098 3827 was
1112 3770 1220 3826 treated
1233 3787 1265 3824 as
1278 3769 1303 3823 ii
1311 3769 1348 3824 he

199 3874 256 3913 was
269 3868 318 3914 not
336 3859 424 3928 really
436 3858 498 3913 heir
514 3867 544 3913 at
562 3859 616 3926 all3
635 3858 671 3911 he
688 3856 746 3911 had
763 3855 870 3925 merely
884 3855 1008 3910 ‘nudum
1021 3871 1126 3910 nomen
1139 3853 1267 3908 heredis’
1281 3852 1347 3922 Dig.

200 3941 242 4008 38.
256 3954 296 4008 17.
308 3955 332 3995 2.
341 3942 366 4010 8,
386 3942 479 3996 ‘hunc
494 3939 541 4012 qui
557 3939 692 3995 abstinuit
710 3947 824 4010 praetor
837 3954 895 3992 non
911 3938 997 3992 habet
1011 3936 1122 3992 heredis
1134 3938 1213 3991 loco'
1227 3935 1292 4004 Dig.
1306 3949 1347 3988 11.

202 4038 224 4077 1.
241 4038 281 4077 12.
294 4040 335 4094 pr.
373 4025 592 4095 Consequently‚
610 4023 659 4078 the
678 4019 852 4077 inhen'tance
868 4020 987 4076 became
1005 4021 1108 4088 delata,
1121 4018 1150 4073 in
1167 4019 1216 4074 the
1233 4018 1292 4072 first
1305 4017 1347 4071 in·

199 4115 305 4176 stance,
327 4117 357 4162 to
378 4109 427 4164 the
449 4105 602 4176 substituti,
617 4105 684 4176 Dig.
697 4119 741 4173 42.
758 4120 780 4159 1.
793 4119 837 4172 44,
855 4103 914 4158 and
932 4103 961 4157 in
979 4103 1085 4157 deiault
1104 4102 1138 4156 os
1150 4103 1231 4158 these
1250 4110 1280 4155 to
1298 4101 1347 4156 the

199 4190 319 4246 heredes
332 4191 369 4246 ab
382 4190 517 4246 intestato
530 4189 559 4244 in
571 4188 645 4245 their
657 4187 766 4244 several
779 4186 897 4256 degrees
910 4185 943 4240 ol
952 4183 1111 4255 proximity,
1122 4183 1188 4254 Dig.
1197 4197 1240 4254 29·
1251 4197 1273 4236 1.
1284 4197 1310 4250 4.
1321 4195 1346 4250 7,
1372 4251 1377 4262 ι

199 4271 258 4328 and
269 4271 299 4327 in
311 4273 360 4328 the
373 4274 428 4328 last
440 4277 530 4328 resort
543 4281 573 4328 to
586 4271 634 4327 the
648 4271 741 4326 fiscus.
772 4270 835 4324 The
847 4267 1017 4324 beneficium
1029 4265 1190 4322 abstinendi
1202 4263 1307 4336 passed
1316 4275 1347 4321 to

199 4355 248 4412 the
260 4355 336 4410 beirs
348 4356 381 4410 oi
389 4357 438 4412 the
451 4353 599 4411 instituted
612 4371 688 4424 suus,
703 4353 769 4424 Dig.
783 4366 826 4422 29·
839 4367 864 4406 2.
877 4364 903 4418 7.
920 4366 942 4419 1,
956 4350 1027 4406 Cod.
1040 4349 1067 4404 6.
1081 4363 1124 4418 30.
1140 4363 1178 4419 19.

237 4436 252 4510 ξ
265 4441 295 4494 4.
315 4440 372 4495 For
384 4437 562 4497 ‘testamenti
578 4437 665 4494 factio
679 4436 807 4510 passiva’
819 4451 868 4492 see
880 4451 918 4490 on
931 4433 987 4490 Tit.
1003 4447 1043 4504 14
1056 4449 1106 4504 pn,
1119 4431 1174 4489 Tit.
1192 4431 1259 4502 17.6
1271 4447 1346 4502 supr.

762 4535 786 4585 T
