3078 5020
135 335 183 384 'lit
195 326 247 394 ιο]
584 326 645 382 DE
665 327 851 385 NUPTIIS.

134 513 274 558 uxorem
297 493 419 558 ducere
443 512 510 558 non
533 493 619 560 licet
662 495 720 560 sed
743 514 804 560 nec
826 501 961 578 neptem
982 493 1089 559 fratris
1105 493 1157 558 vel
1173 496 1292 560 sororis

134 599 254 663 ducere
276 599 352 682 quis
375 607 497 681 potest,
517 600 669 680 quamvis
695 611 813 682 quarto
839 601 943 683 gradu
971 599 1046 664 sint.
1090 599 1181 664 cuius
1204 600 1292 664 enim

134 701 237 765 liliam
267 721 412 765 uxorem
443 702 563 766 ducere
598 723 665 766 non
702 703 788 782 licet,
818 705 887 768 eius
917 723 1024 786 neque
1054 715 1188 786 neptem
1219 724 1292 788 per·

135 807 287 869 mittitur.
330 807 401 869 eius
414 825 494 869 vero
510 806 664 882 mulieris,
676 827 776 890 quam
791 816 888 891 pater
902 816 977 872 tuus
992 807 1174 890 adoptavit,
1190 807 1292 872 liliam

135 930 199 974 non
229 911 357 974 videris
387 910 537 994 impediri
566 931 706 976 uxorem
744 912 871 991 ducere,
901 913 979 994 quia
1009 931 1116 994 neque
1153 913 1292 976 naturali

136 1035 243 1098 neque
274 1015 363 1080 civili
391 1016 459 1078 iure
488 1015 548 1079 tibi
574 1016 790 1097 coniungitur.
843 1015 992 1080 Duorum
1018 1025 1130 1080 autem
1156 1015 1323 1080 fratrum4

134 1120 186 1184 vel
208 1140 362 1184 sororum
386 1119 479 1183 liberi
502 1118 554 1182 vel
576 1117 685 1184 fratris
708 1130 742 1186 et
764 1121 885 1208 sororis
907 1121 996 1204 iungi
1012 1129 1160 1204 possunt.
1205 1121 1323 1185 Item5

134 1226 276 1289 amitam
312 1223 392 1288 licet
424 1224 617 1308 adoptivam
654 1245 793 1288 uxorem
832 1225 951 1289 ducere
987 1245 1054 1288 non
1088 1225 1174 1301 licet,
1213 1225 1292 1290 item

136 1338 362 1406 materteram,
400 1329 478 1410 quia
514 1337 689 1411 parentum
726 1329 800 1394 loco
836 1327 1009 1393 habentur.
1064 1349 1131 1412 qua
1168 1330 1293 1393 ratione

134 1454 249 1498 verum
272 1442 325 1497 est
344 1453 500 1515 magnam
525 1454 658 1516 quoque
679 1435 817 1498 amitam
841 1443 875 1498 et
903 1443 1114 1498 materteram
1137 1453 1293 1518 magnam

135 1539 304 1622 prohiberi
337 1557 477 1602 uxorem
510 1539 638 1602 ducere.
694 1536 893 1602 Adfinitatis
923 1558 1054 1620 quoque
1082 1540 1323 1606 venerationes

136 1643 345 1725 quarundam
368 1642 491 1725 nuptiis
513 1642 678 1706 abstinere
701 1661 834 1707 necesse
857 1650 918 1706 est.
962 1651 999 1706 ut
1015 1661 1091 1706 ecce
1109 1643 1292 1726 privignam

136 1757 192 1813 aut
225 1766 347 1810 nurum
381 1767 520 1810 uxorem
555 1748 674 1812 ducere
707 1767 773 1811 non
804 1747 890 1825 licet,
916 1745 993 1828 quia
1022 1756 1179 1829 utraeque
1206 1745 1293 1810 filiae

137 1849 209 1914 loco
239 1859 330 1914 sunt.
383 1849 473 1931 quod
504 1849 630 1914 scilicet
663 1851 710 1914 ita
743 1850 846 1932 accipi
881 1849 1011 1924 debeat,
1040 1849 1067 1912 si
1102 1849 1164 1914 luit
1194 1871 1293 1915 nurus

137 1964 193 2019 aut
215 1955 388 2037 privigna:
413 1973 490 2016 nam
514 1955 541 2018 si
564 1953 673 2018 adhuc
691 1973 789 2018 nurus
812 1962 871 2032 est,
886 1953 919 2016 id
944 1962 994 2019 est
1014 1954 1042 2017 si
1061 1953 1169 2019 adhuc
1190 1963 1293 2038 nupta

137 2066 186 2121 est
201 2057 273 2120 filio
287 2066 357 2136 tuo,
372 2056 438 2121 alia
458 2057 585 2122 ratione
605 2078 744 2121 uxorem
768 2077 842 2121 eam
865 2057 985 2121 ducere
1005 2077 1070 2121 non
1086 2059 1202 2141 possis,
1216 2059 1294 2142 quia

137 2163 255 2225 eadem
271 2161 402 2225 duobus
417 2169 521 2245 nupta
543 2181 615 2226 esse
637 2181 703 2224 non
726 2170 856 2244 potest:
879 2161 959 2224 item
976 2162 1002 2226 si
1023 2160 1130 2226 adhuc
1144 2161 1293 2246 privigna

137 2275 194 2329 tua
209 2275 272 2341 est,
289 2265 323 2328 id
340 2275 392 2329 est
414 2266 441 2329 si
465 2273 572 2329 mater
589 2266 659 2328 eius
680 2266 740 2330 tibi
764 2275 868 2348 nupta
890 2274 949 2341 est,
967 2265 1042 2330 ideo
1064 2286 1137 2329 eam
1153 2286 1292 2330 uxorem

138 2370 258 2434 ducere
273 2390 341 2433 non
362 2371 496 2452 poteris,
513 2369 590 2452 quia
611 2371 693 2434 duas
715 2389 837 2434 uxores
858 2370 975 2434 eodem
998 2379 1149 2454 tempore
1171 2369 1293 2434 habere

138 2473 307 2539 nonlicet.
339 2473 478 2539 Socrum
490 2495 622 2558 quoque
634 2483 668 2538 et
683 2495 858 2539 novercam
873 2473 1075 2556 prohibitum
1092 2483 1141 2539 est
1153 2495 1291 2539 uxorem
1307 2487 1324 2540 7

138 2579 266 2658 ducere,
297 2580 375 2662 quia
406 2579 521 2643 matris
557 2578 631 2642 loco
668 2587 753 2642 sunt.
811 2579 900 2660 quod
931 2588 965 2642 et
995 2579 1102 2663 ipsum
1132 2579 1294 2646 dissoluta

140 2683 274 2748 demum
293 2683 469 2748 adfinitate
489 2683 657 2766 procedit:
680 2683 827 2766 alioquin
849 2684 875 2748 si
896 2685 1004 2749 adhuc
1025 2705 1165 2750 noverca
1183 2695 1241 2760 est,
1259 2687 1292 2750 id

140 2797 187 2851 at
202 2788 228 2850 si
245 2786 357 2850 adhuc
377 2787 463 2870 patri
484 2797 544 2851 tuo
567 2795 670 2869 nupta
692 2796 751 2864 est,
766 2789 933 2851 communi
954 2789 1022 2852 iure
1041 2789 1218 2873 impeditur
1233 2790 1293 2855 tibi

140 2891 272 2968 nubere,
289 2890 368 2972 quia
394 2889 512 2953 eadem
537 2889 665 2954 duobus
690 2899 793 2973 nupta
816 2911 888 2954 esse
912 2911 978 2954 non
1005 2901 1134 2974 potest:
1162 2892 1242 2958 item
1266 2895 1293 2957 si

140 2993 247 3059 adhuc
263 3013 376 3059 socrus
391 3003 451 3073 est,
466 2993 500 3059 id
523 3004 574 3060 est
595 2995 621 3058 si
642 2993 750 3059 adhuc
771 2994 837 3058 filia
858 2995 926 3060 eius
945 2995 1005 3060 tibi
1021 3007 1124 3080 nupta
1140 3007 1201 3072 est,
1217 2999 1293 3062 ideo

140 3099 365 3182 impediuntur
388 3101 532 3182 nuptiae,
562 3100 639 3182 quia
668 3101 751 3164 duas
780 3121 901 3166 uxores
931 3100 1052 3165 habere
1082 3121 1147 3166 non
1177 3103 1292 3184 possis.

141 3203 253 3268 Mariti
269 3215 384 3268 tamen
401 3203 486 3269 filius
502 3225 546 3267 ex
566 3203 630 3269 alia
650 3225 755 3268 uxore
770 3214 803 3269 et
818 3207 931 3269 uxoris
951 3205 1019 3268 filia
1034 3227 1078 3269 ex
1094 3205 1158 3268 alio
1175 3207 1324 3268 maritos

139 3308 189 3371 vel
204 3319 322 3372 contra
335 3309 580 3372 matrimonium
593 3317 682 3374 recte
697 3309 905 3385 contrahunt,
916 3309 991 3374 licet
1003 3308 1149 3372 habeant
1160 3309 1294 3372 fratrem

140 3543 281 3614 marriage
302 3543 432 3600 between
451 3561 468 3599 a
486 3561 553 3599 man
573 3543 631 3600 and
648 3543 694 3598 his
712 3544 849 3600 brothers
869 3544 1008 3614 daughter
1026 3559 1083 3598 was
1102 3542 1238 3612 legalised
1256 3542 1294 3612 by

142 3627 286 3696 Claudius,
308 3627 372 3692 who
392 3627 515 3682 married
536 3625 694 3698 Agrippina
715 3627 806 3682 under
825 3627 870 3682 his
892 3645 954 3682 own
975 3627 1042 3693 rule,
1063 3627 1171 3696 though
1193 3626 1214 3682 it
1236 3644 1294 3682 was

141 3712 244 3781 always
257 3711 393 3766 unlawlul
412 3721 442 3765 to
461 3727 555 3780 marry
567 3729 585 3765 a
597 3711 677 3766 niece
690 3711 729 3780 by
741 3728 759 3766 a
771 3710 862 3765 sister.
901 3711 1087 3766 Constantine
1105 3711 1233 3767 restored
1245 3712 1294 3767 the
1314 3757 1315 3760 ,

141 3795 254 3850 ancient
273 3795 337 3864 law,
350 3793 408 3849 and
425 3793 554 3849 branded
572 3794 712 3864 marriage
725 3793 792 3849 with
811 3810 829 3848 a
846 3793 984 3849 brothers
1004 3795 1143 3866 daughter
1161 3795 1227 3850 with
1245 3797 1294 3850 the

141 3895 225 3933 name
239 3879 273 3932 of
282 3877 383 3947 incest,
398 3878 468 3933 Cod.
481 3877 592 3934 Theod.
608 3893 629 3934 1.
643 3894 669 3936 2.

176 3963 235 4028 §4.
256 3961 402 4030 Marriage
423 3961 551 4016 between
571 3961 630 4017 first
649 3960 772 4031 cousins,
793 3961 884 4017 which
904 3961 1051 4034 originally
1067 3979 1125 4017 was
1144 3962 1294 4031 unknown,

141 4045 289 4115 gradually
301 4061 384 4100 carne
402 4055 432 4100 to
450 4045 487 4100 be
506 4044 666 4115 pennitted‚
687 4045 757 4115 Livy
769 4061 811 4112 42.
826 4061 869 4116 34,
883 4048 951 4102 Tac.
964 4051 1037 4101 Ann.
1055 4061 1095 4100 12.
1108 4046 1134 4114 6,
1147 4045 1205 4100 and
1223 4045 1296 4099 aster

143 4127 226 4198 being
244 4127 409 4199 prohibited
426 4127 465 4199 by
478 4127 657 4184 Theodosius
676 4129 699 4198 1,
712 4145 770 4184 was
787 4129 871 4200 again
890 4129 974 4185 made
992 4128 1085 4182 lawful
1103 4127 1142 4196 by
1155 4124 1294 4181 Arcadius

143 4212 198 4266 and
212 4211 370 4280 Honorius,
386 4209 454 4266 Cod.
472 4223 496 4281 5.
509 4226 535 4279 4.
552 4225 590 4280 19.

178 4297 193 4362 l
206 4299 232 4352 7.
253 4293 401 4363 Marriage
413 4294 480 4349 with
493 4312 511 4349 a
523 4295 663 4350 deceased
676 4294 760 4350 wile's
774 4295 858 4351 sister
869 4311 927 4349 was
943 4293 1092 4348 forbidden
1105 4293 1144 4363 by
1156 4294 1294 4348 Constan-

143 4377 199 4434 tine
218 4379 303 4449 (Cod.
318 4377 429 4433 Tbeod.
447 4393 468 4434 r.
483 4377 518 4448 2),
532 4377 590 4434 and
609 4379 646 4448 by
659 4379 850 4448 Valentinian,
863 4376 1050 4447 Theodosius,
1069 4377 1126 4433 and
1145 4375 1294 4446 Arcadius,
