3176 5022
207 264 322 330 Tinea]
640 263 700 321 DE
721 262 832 318 LEGA
839 263 913 318 TIS.
1292 259 1355 342 289

206 427 335 491 tutione
357 427 510 490 additum
534 437 593 502 est,
611 435 655 503 ut,
672 427 739 490 sive
762 425 871 508 plures
895 425 1044 509 legatarii
1064 428 1220 504 existant,
1237 431 1355 513 quibus

207 533 301 615 optio
316 531 429 596 relicta
445 541 504 610 est,
520 541 553 594 et
573 531 769 595 dissentiant
790 531 822 592 in
842 551 978 613 corpore
996 531 1160 614 eligendo,
1176 535 1244 598 sive
1260 537 1356 599 unius

207 635 356 718 legatarii
371 634 481 718 plures
496 633 645 710 heredes,
661 643 694 698 et
710 634 796 698 inter
810 655 846 697 se
861 635 945 698 circa
960 637 1144 717 optandum
1160 637 1356 708 dissentiant

206 740 273 804 alio
295 740 385 802 aliud
408 759 527 820 corpus
549 739 669 821 eligere
697 739 858 821 cupiente,
881 758 923 801 ne
946 749 1059 820 pereat
1083 739 1229 823 legatum
1252 738 1356 827 (quod

209 843 356 926 plerique
368 842 580 924 prudentium
596 851 710 906 contra
725 837 990 905 benevolentiam
1006 842 1281 930 introducebant),
1293 845 1357 908 for-

209 959 325 1012 tunam
341 967 412 1010 esse
428 947 524 1015 buius
539 947 683 1030 optionis
702 947 843 1013 iudicem
865 956 899 1010 et
919 956 1006 1010 sorte
1027 967 1098 1010 esse
1118 947 1181 1012 hoc
1203 949 1356 1012 dirimen-

209 1052 299 1129 dum,
323 1061 369 1126 ut,
390 1051 433 1114 ad
457 1071 556 1134 quem
579 1071 649 1115 sors
667 1051 846 1134 perveniat,
870 1049 956 1113 illius
978 1051 1142 1115 sententia
1167 1053 1200 1115 in
1223 1054 1359 1136 optione

210 1155 396 1238 praecellat
863 1205 866 1213 .

254 1257 375 1340 Legari
389 1268 501 1322 autem
517 1257 581 1320 illis
596 1257 673 1320 solis
689 1268 808 1340 potest,
824 1277 898 1321 cum
915 1256 1034 1338 quibus
1053 1260 1243 1338 testamenti
1259 1257 1359 1326 factio
1373 1267 1408 1320 24

211 1372 271 1426 est.
301 1361 454 1425 lacertis
469 1382 547 1424 vero
564 1362 711 1444 personis
728 1381 836 1442 neque
851 1359 961 1442 legata
981 1381 1089 1443 neque
1105 1361 1359 1428 fideicommissa
1374 1369 1408 1423 25

211 1465 290 1530 olim
310 1466 448 1548 relinqui
463 1485 655 1529 concessum
671 1476 762 1530 erat:
786 1485 864 1528 nam
880 1485 940 1529 nec
957 1465 1051 1530 miles
1066 1467 1201 1548 quidem
1218 1469 1360 1532 incertae

212 1591 370 1653 personae
399 1581 530 1653 poterat
559 1570 749 1653 relinquere,
780 1579 816 1632 ut
843 1571 938 1632 divus
967 1569 1158 1635 Hadrianus
1187 1573 1360 1654 rescripsit.

211 1677 335 1740 incerta
373 1685 485 1739 autem
521 1695 662 1758 persona
694 1675 876 1748 videbatur,
911 1695 1012 1756 quam
1046 1675 1171 1740 incerta
1206 1677 1362 1759 opinione

211 1780 322 1842 animo
343 1798 402 1841 suo
424 1787 563 1842 testator
585 1777 777 1852 subiciebat,
792 1777 894 1842 veluti
917 1779 944 1841 si
964 1777 1037 1860 quis
1058 1779 1104 1842 ita
1123 1781 1234 1843 dicat:
1270 1781 1362 1862 ‘qui-

212 1903 354 1965 cumque
372 1882 439 1946 filio
458 1903 532 1946 meo
548 1883 580 1945 in
597 1883 843 1945 matrimonium
862 1881 964 1944 filiam
986 1903 1079 1946 suam
1101 1885 1317 1961 collocaverit,
1333 1886 1362 1946 ei

212 1987 306 2050 heres
322 2007 415 2051 meus
433 1986 524 2050 illum
543 1986 683 2050 fundum
704 1987 782 2050 dato
794 1981 817 2047 :’
844 1985 923 2049 illud
941 2007 1081 2068 quoque,
1096 1989 1186 2070 quod
1201 1987 1252 2050 his
1268 1988 1363 2051 relin-

212 2089 384 2172 quebatur,
401 2090 456 2172 qui
480 2099 555 2172 post
577 2099 814 2153 testamentum
834 2089 991 2171 scriptum
1014 2091 1110 2172 primi
1133 2091 1283 2154 consules
1306 2093 1362 2153 de·

214 2195 334 2276 signati
363 2204 466 2271 erunt,
493 2215 597 2276 aeque
623 2194 766 2264 incertae
793 2213 953 2275 personae
977 2192 1080 2276 legari
1104 2194 1296 2258 videbatur:
1329 2205 1364 2260 et

215 2298 356 2381 denique
372 2298 496 2362 multae
510 2300 594 2362 aliae
608 2297 795 2361 huiusmodi
811 2297 937 2379 species
951 2308 1038 2361 sunt.
1083 2298 1216 2362 libertas
1231 2319 1365 2381 quoque

157 2463 161 2470 .
215 2422 281 2465 non
310 2403 483 2467 videbatur
512 2423 609 2485 posse
639 2404 782 2466 incertae
808 2422 968 2484 personae
998 2402 1078 2478 dari,
1107 2403 1184 2484 quia
1211 2403 1365 2485 placebat

217 2506 410 2570 nominatim
426 2527 537 2570 servos
553 2507 688 2569 liberari.
735 2515 824 2569 tutor
841 2526 972 2588 quoque
993 2517 1102 2570 certus
1123 2507 1193 2569 dari
1212 2506 1364 2570 debebat.

215 2611 276 2674 sub
298 2621 388 2674 certa
407 2633 485 2674 vero
508 2611 797 2688 demonstratione,
820 2611 926 2674 idest
953 2629 997 2674 ex
1020 2613 1118 2674 certis
1143 2613 1292 2693 personis
1317 2612 1365 2672 in·

215 2727 324 2779 certae
342 2735 510 2798 personae,
526 2727 614 2778 recte
629 2715 809 2796 legabatur,
824 2715 925 2778 veluti
945 2720 1008 2778 ‘ex
1031 2719 1180 2798 cognatis
1204 2716 1286 2778 meis
1307 2715 1365 2797 qui

218 2837 303 2882 nunc
318 2829 395 2882 sunt
415 2819 442 2881 si
458 2819 530 2900 quis
546 2817 648 2881 filiam
668 2838 777 2886 meam
799 2839 938 2882 uxorem
955 2819 1098 2894 duxerit,
1116 2820 1144 2882 ei
1161 2819 1256 2882 heres
1273 2837 1366 2880 meus

174 2927 180 2938 '
219 2922 309 2985 illam
325 2943 393 2986 rem
410 2921 510 2986 dato.'
567 2923 698 2986 incertis
713 2933 825 2986 autem
842 2924 989 3005 personis
1005 2923 1117 3004 legata
1132 2923 1184 2986 vel
1200 2923 1367 2986 fideicom-

221 3027 321 3089 missa
344 3026 457 3112 relicta
484 3037 518 3091 et
543 3047 600 3108 per
623 3047 765 3090 errorem
786 3027 895 3089 soluta
918 3029 1022 3108 repeti
1050 3048 1114 3090 non
1142 3048 1239 3109 posse
1269 3027 1368 3090 sacris

221 3132 509 3195 constitutionibus
528 3142 661 3196 cautum
685 3141 763 3195 erat.
811 3131 968 3194 Postumo
992 3151 1125 3214 quoque
1144 3131 1251 3194 alieno
1272 3131 1368 3193 inuti·
1382 3131 1417 3186 26

220 3235 295 3299 liter
317 3234 507 3318 legabatur:
532 3245 584 3300 est
605 3245 716 3299 autem
736 3236 862 3298 alienus
885 3243 1067 3316 postumus,
1086 3236 1141 3317 qui
1166 3245 1262 3297 natus
1286 3236 1370 3296 inter

221 3359 298 3403 suos
323 3337 460 3402 heredes
486 3339 653 3404 testatoris
680 3338 807 3401 iuturus
832 3359 897 3401 non
925 3347 994 3402 est:
1023 3337 1163 3419 ideoque
1190 3358 1234 3400 ex
1258 3356 1369 3398 eman·

219 3445 328 3525 cipato
351 3443 418 3506 filio
445 3453 623 3525 conceptus
656 3463 760 3526 nepos
787 3454 967 3507 extraneus
1001 3452 1072 3506 erat
1098 3452 1273 3523 postumus
1297 3461 1370 3505 auu.

223 3545 290 3610 Sed
307 3567 366 3609 nec
382 3545 567 3610 huiusmodi
583 3549 709 3628 species
725 3548 857 3628 penitus
876 3555 926 3609 est
947 3547 1017 3609 sine
1037 3547 1123 3616 iusta
1139 3545 1370 3609 emendatione
1385 3559 1418 3614 27

222 3650 387 3727 derelicta,
403 3671 476 3714 cum
493 3653 526 3714 in
541 3662 653 3715 nostro
669 3653 782 3715 codice
798 3651 990 3714 constitutio
1006 3651 1115 3733 posita
1131 3661 1189 3728 est,
1201 3670 1370 3732 perquam

223 3759 257 3818 et
273 3753 347 3818 huic
362 3757 448 3836 parti
461 3755 665 3819 medevimus
681 3776 746 3818 non
762 3755 870 3819 solum
886 3757 919 3818 in
935 3755 1183 3829 hereditatibus,
1197 3757 1256 3818 sed
1270 3757 1370 3821 etiam

223 3859 256 3922 in
273 3858 390 3941 legatis
406 3871 440 3923 et
455 3859 736 3925 fideicommissis:
760 3861 849 3942 quod
875 3860 1043 3924 evidenter
1064 3881 1107 3922 ex
1129 3861 1231 3943 ipsius
1252 3861 1372 3924 consti-

223 3963 361 4027 tutionis
376 3963 517 4029 lectione
532 3963 690 4028 clarescit.
736 3975 827 4029 tutor
844 3975 956 4028 autem
976 3985 1035 4027 nec
1057 3984 1116 4045 per
1134 3973 1280 4027 nostram
1296 3983 1373 4024 con-

262 4153 276 4224 ξ
290 4157 340 4209 25.
360 4156 416 4209 For
426 4154 550 4210 incertae
560 4169 698 4224 personae
708 4154 766 4208 and
776 4153 938 4208 testamenti
952 4153 1037 4207 factio
1048 4169 1096 4206 see
1107 4150 1195 4206 Gaius
1204 4149 1231 4205 ii.
1243 4152 1373 4218 238-240,

225 4237 283 4292 and
301 4247 368 4292 note
386 4253 424 4291 on
441 4237 497 4292 Tit.
514 4251 552 4304 14
567 4254 607 4307 pr.
621 4253 718 4308 supr.;
736 4237 780 4290 sor
797 4237 847 4291 the
865 4235 983 4305 validity
1001 4237 1035 4289 of
1048 4233 1268 4289 fideicommissa
1287 4244 1316 4288 to
1333 4233 1375 4286 in-

225 4331 320 4376 certae
331 4337 479 4390 personae,
492 4331 558 4376 note
572 4319 611 4391 (3)
626 4337 662 4374 on
677 4319 733 4376 Tit.
746 4324 789 4388 ²32
807 4335 817 4374 1
836 4319 884 4374 ini.

262 4401 294 4476 §§
308 4405 358 4474 26,
370 4407 419 4460 2⁷.
439 4405 495 4460 For
507 4405 606 4476 legacy
618 4415 648 4460 to
666 4403 790 4476 postumi
809 4401 893 4460 alieni
909 4419 957 4459 see
971 4402 1059 4459 Gaius
1072 4401 1100 4458 ii.
1113 4417 1161 4470 241
1178 4401 1235 4462 and
1253 4411 1319 4456 note
1338 4416 1375 4459 on

788 4503 812 4554 U
