3112 5016
164 297 213 344 m.
225 289 261 356 a]
561 290 622 344 aa
642 289 909 346 ACTJONIBtls.
1246 299 1311 370 529

208 455 368 521 Omnium
392 457 569 534 actionum,
585 459 704 542 quibus
722 459 806 522 inter
821 459 948 542 aliquos
968 461 1057 542 apud
1078 459 1202 524 iudices
1223 460 1338 526 arbi-l

163 571 272 625 trosve
295 562 337 625 de
360 583 492 644 quaque
507 584 541 626 re
563 563 739 646 quaeritur,
755 584 885 628 summa
905 565 1022 628 divisio
1046 565 1078 626 in
1102 565 1168 628 duo
1188 584 1311 646 genera

164 666 354 730 deducitur:
376 676 433 730 aut
452 667 540 730 enim
563 669 596 730 in
618 688 687 730 rem
708 677 786 731 sunt
808 679 866 732 aut
890 667 922 730 in
944 688 1129 750 personam.
1167 687 1311 750 namque

163 769 232 852 agit
248 770 471 853 unusquisque
487 779 544 834 aut
565 791 640 836 cum
660 793 709 846 e0,
725 773 781 853 qui
801 772 830 834 ei
849 772 1015 854 obligatus
1033 781 1083 836 est
1098 771 1151 836 vel
1167 793 1211 835 ex
1232 791 1310 835 con-

164 883 270 937 tractu
294 875 346 938 vel
377 897 421 939 ex
448 875 620 951 maleficio,
641 897 708 959 quo
732 897 808 940 casu
837 877 989 959 proditae
1011 877 1158 940 actiones
1180 878 1213 939 in
1236 896 1311 958 per-

164 997 279 1040 sonam
303 988 389 1058 sunt,
412 1000 471 1062 per
486 1000 568 1062 quas
592 981 733 1044 intendit
755 981 978 1044 adversarium
1002 980 1031 1044 ei
1054 981 1134 1044 dare
1156 989 1213 1044 aut
1232 981 1312 1043 dare

164 1082 270 1146 iacere
292 1095 444 1165 oportere
471 1096 504 1150 et
530 1085 603 1149 aliis
625 1087 820 1168 quibusdam
846 1086 971 1149 modis:
995 1094 1052 1150 aut
1071 1105 1147 1149 cum
1170 1106 1210 1148 eo
1231 1084 1310 1166 agit,

164 1188 220 1269 qui
236 1186 326 1251 nullo
345 1189 413 1252 iure
435 1191 463 1252 ei
487 1189 652 1270 obligatus
676 1199 735 1264 est,
758 1199 869 1252 movet
887 1199 999 1254 tamen
1022 1189 1118 1252 alicui
1136 1189 1179 1252 de
1200 1189 1312 1270 aliqua

165 1313 199 1355 re
229 1294 494 1357 controversiam.
531 1315 598 1376 quo
624 1314 702 1358 casu
729 1295 879 1376 proditae
901 1295 1048 1358 actiones
1071 1295 1104 1356 in
1131 1314 1200 1357 rem
1225 1301 1309 1355 sunt.

164 1396 264 1461 veluti
291 1399 318 1460 si
344 1419 412 1460 rem
440 1398 643 1481 corporalem
668 1399 837 1480 possideat
859 1399 941 1481 quis,
963 1419 1063 1481 quam
1085 1397 1193 1461 Titius
1216 1417 1311 1461 suam

166 1523 237 1564 esse
261 1503 411 1581 affirmet,
437 1513 471 1567 et
497 1523 667 1585 possessor
693 1504 864 1566 dominum
894 1524 930 1567 se
957 1523 1028 1568 esse
1050 1503 1160 1567 dicat:
1184 1523 1261 1566 narn
1284 1502 1311 1564 si

165 1605 273 1669 Titius
295 1627 389 1670 suam
413 1628 485 1671 esse
508 1607 668 1684 intendat,
685 1608 717 1671 in
739 1629 807 1670 rem
831 1607 918 1670 actio
941 1618 1000 1671 est.
1045 1607 1165 1690 Aeque
1183 1607 1209 1670 si
1233 1616 1341 1688 agat2

166 1709 216 1773 ius
238 1710 299 1773 sibi
323 1731 395 1774 esse
418 1710 520 1774 sundo
543 1711 628 1776 forte
653 1711 704 1776 vel
729 1711 866 1774 aedibus
889 1711 1003 1775 utendi
1027 1710 1154 1774 [ruendi
1174 1711 1227 1774 vel
1253 1730 1312 1793 per

165 1813 303 1876 sundum
316 1815 412 1878 vicini
428 1815 527 1878 eundi
542 1816 662 1898 agendi
674 1816 726 1879 vel
740 1837 783 1879 ex
795 1815 898 1878 fundo
910 1815 1007 1878 vicini
1023 1836 1144 1896 aquam
1160 1815 1312 1888 ducendi,

165 1919 198 1980 in
216 1939 284 1981 rem
299 1920 387 1983 actio
403 1931 462 1985 est.
493 1921 640 1984 eiusdem
653 1921 781 2004 generis
798 1930 847 1984 est
863 1919 949 1983 actio
960 1921 1003 1984 de
1019 1921 1087 1983 iure
1103 1921 1312 2002 praediorum

166 2023 374 2102 urbanorum,
391 2024 493 2088 veluti
517 2025 544 2088 si
567 2035 645 2108 agat
668 2026 718 2088 ius
741 2025 803 2087 sibi
827 2045 898 2086 esse
918 2023 1016 2088 altius
1039 2025 1138 2087 aedes
1157 2045 1232 2087 suas
1250 2023 1314 2088 tol·

166 2126 254 2189 lendi
277 2129 539 2210 prospiciendive
559 2128 611 2192 vel
632 2128 813 2210 proiciendi
833 2127 957 2210 aliquid
980 2127 1032 2191 vel
1056 2127 1257 2191 immittendi
1280 2127 1314 2191 in

166 2231 263 2294 vicini
279 2231 387 2296 aedes.
425 2241 539 2297 contra
562 2254 694 2315 quoque
717 2235 759 2296 de
780 2231 962 2295 usufructu
986 2241 1020 2296 et
1040 2233 1083 2294 de
1103 2231 1314 2296 servitutibus

167 2335 375 2416 praediorum
398 2338 601 2413 rusticorum,
624 2338 704 2400 item
725 2335 933 2419 praediorum
959 2336 1156 2399 urbanorum
1176 2336 1313 2399 invicem

167 2459 298 2522 quoque
320 2442 471 2523 proditae
492 2453 568 2506 sunt
587 2442 742 2520 actiones,
762 2451 799 2505 ut
818 2441 891 2524 quis
914 2440 1063 2504 intendat
1085 2441 1135 2504 ius
1157 2461 1222 2503 non
1242 2459 1313 2504 esse

168 2545 356 2610 adversario
372 2548 486 2610 utendi
502 2548 639 2626 fruendi,
651 2547 749 2611 eundi
764 2547 883 2628 agendi
896 2565 1059 2627 aquamve
1070 2545 1222 2622 ducendi,
1234 2545 1314 2608 item

167 2648 265 2712 altius
283 2651 418 2714 tollendi
429 2651 649 2735 prospiciendi
659 2651 837 2734 proiciendi
849 2649 1065 2713 immittendi:
1089 2649 1171 2713 istae
1183 2669 1315 2731 quoque

167 2753 315 2818 actiones
341 2754 373 2817 in
396 2775 465 2818 rem
489 2767 574 2834 sunt,
590 2757 649 2819 sed
669 2756 850 2838 negativae.
887 2755 977 2836 quod
994 2775 1098 2836 genus
1120 2753 1258 2817 actionis
1282 2752 1315 2814 in

167 2861 396 2923 controversiis
412 2880 519 2923 rerum
532 2862 748 2942 corporalium
762 2861 929 2942 proditum
946 2879 1012 2921 non
1029 2867 1096 2921 est:
1121 2879 1198 2920 nam
1215 2857 1247 2919 in
1263 2855 1315 2918 his

167 2961 195 3023 is
217 2963 287 3044 agit
309 2963 365 3044 qui
389 2983 454 3026 non
476 2943 643 3044 possidet:
674 2965 704 3026 ei
719 2984 797 3026 vero
819 2963 875 3044 qui
899 2961 1045 3044 possidet
1067 2982 1132 3024 non
1156 2971 1206 3025 est
1228 2959 1315 3024 actio

168 3066 308 3146 prodita,
325 3085 497 3148 perquam
514 3074 613 3148 neget
634 3087 703 3128 rem
725 3067 844 3129 actoris
865 3086 947 3128 esse.
985 3084 1064 3128 sane
1085 3085 1152 3128 uno
1167 3085 1244 3128 casu
1260 3064 1316 3145 qui

168 3167 316 3248 possidet
331 3167 433 3231 nihilo
450 3169 558 3232 minus
574 3169 693 3232 actoris
708 3179 820 3250 partes
838 3169 976 3250 optinet,
993 3169 1078 3232 sicut
1098 3167 1131 3229 in
1147 3167 1317 3231 latioribus

204 3353 218 3420 §
233 3357 257 3408 1.
276 3355 338 3409 The
352 3353 515 3409 distinction
525 3355 557 3408 of
566 3353 675 3409 actions
686 3354 745 3409 into
758 3356 815 3410 real
828 3355 886 3410 and
899 3355 1029 3424 personal
1043 3353 1066 3408 is
1079 3354 1169 3408 based
1181 3353 1210 3408 in
1227 3353 1318 3420 origin

168 3454 205 3492 on
218 3437 370 3494 difference
383 3439 415 3492 of
429 3437 549 3492 formula
563 3439 718 3506 (Excursus
734 3440 761 3492 X
774 3437 843 3508 ini),
856 3448 886 3493 to
899 3437 989 3493 which
1009 3439 1088 3494 there
1107 3437 1130 3492 is
1149 3454 1186 3491 an
1199 3437 1317 3491 obvious

167 3523 310 3578 reference
323 3522 351 3576 in
365 3522 528 3594 Justinian’s
542 3522 633 3577 words
648 3521 785 3577 ‘intendit
800 3565 805 3578 .
820 3561 844 3577 ..
859 3522 927 3578 dare
946 3523 1038 3576 facere
1057 3522 1203 3590 oportere‚’
1216 3519 1317 3590 ‘(rem)

168 3621 249 3660 suam
267 3623 331 3662 esse
350 3606 495 3676 intendat,’
508 3607 607 3672 which,
621 3607 759 3676 however,
773 3607 846 3662 have
865 3623 903 3661 no
921 3605 1062 3661 technical
1080 3605 1215 3676 meaning
1227 3605 1256 3660 in
1269 3607 1318 3661 the

168 3699 235 3757 text,
247 3690 297 3745 but
316 3691 422 3760 merely
434 3691 564 3746 describe
583 3690 610 3744 in
629 3692 744 3760 general
762 3701 849 3746 terms
868 3691 916 3745 the
934 3689 1077 3760 plaintifl's
1096 3689 1268 3759 contention‚
1287 3706 1318 3744 as

168 3773 320 3841 expressed
339 3773 367 3827 in
386 3775 435 3830 the
447 3774 557 3830 libellus
570 3773 774 3843 conventionis,
787 3791 819 3828 or
831 3773 891 3828 writ
904 3773 937 3827 ot'
951 3789 1098 3828 summons
1115 3773 1153 3842 by
1165 3773 1257 3828 which
1269 3774 1319 3828 the

169 3853 262 3908 action
277 3872 333 3909 was
346 3857 542 3913 commenced.
581 3857 672 3912 Other
684 3855 860 3921 differences,
873 3874 898 3911 e.
906 3873 933 3925 g.
948 3856 976 3910 in
989 3855 1153 3926 procedure,
1163 3857 1220 3911 and
1230 3856 1259 3910 in
1269 3857 1318 3912 the

169 3946 268 3992 nature
281 3938 313 3991 or
327 3939 375 3993 the
394 3941 515 4008 security
527 3950 557 3994 to
571 3940 607 3994 be
626 3939 709 4009 given
728 3940 767 4008 by
778 3941 826 3994 the
840 3939 944 4009 parties
958 3939 1024 4010 (Tit,
1041 3955 1069 3994 11
1086 3938 1154 4008 ini),
1168 3940 1240 3995 have
1252 3955 1317 3994 now

169 4019 366 4090 disappeared,
379 4021 466 4076 anda
479 4023 536 4077 real
550 4022 645 4077 differs
658 4024 730 4076 from
744 4041 761 4076 a
779 4024 910 4093 personal
924 4023 1017 4078 action
1031 4023 1097 4092 only
1115 4021 1144 4076 in
1157 4024 1205 4077 the
1217 4032 1317 4078 nature

169 4102 202 4157 os
210 4105 258 4159 the
271 4103 344 4174 right
357 4105 400 4158 tor
412 4105 507 4161 whose
520 4105 677 4176 protection
691 4105 711 4159 it
725 4105 749 4159 is
761 4107 901 4175 brought:
921 4106 968 4161 the
978 4105 1139 4176 opposition
1152 4105 1176 4159 is
1189 4105 1318 4160 material

169 4188 244 4256 only,
257 4198 307 4242 not
320 4188 428 4243 formal.
467 4190 492 4243 lt
505 4189 560 4242 will
573 4189 608 4243 be
622 4189 709 4243 found
723 4189 784 4244 that
797 4188 825 4242 in
841 4187 854 4259 ξ
867 4205 902 4243 20
914 4189 962 4245 inf.
975 4187 1116 4260 Justinian
1130 4187 1286 4257 interposes
1299 4205 1317 4243 a

169 4265 245 4321 third
263 4266 500 4324 class-actiones
519 4267 788 4324 mixtae-between
807 4267 916 4324 actions
930 4267 1020 4322 which
1033 4285 1081 4322 are
1094 4268 1152 4322 real
1165 4267 1222 4320 and
1235 4267 1317 4322 those

169 4350 261 4406 which
273 4368 321 4407 are
334 4352 474 4422 personal.

207 4433 263 4508 52.
283 4436 340 4491 For
360 4436 407 4492 the
427 4435 517 4507 rights
536 4445 566 4492 to
586 4433 676 4491 which
693 4435 742 4490 the
761 4435 899 4493 remedies
918 4435 1067 4491 described
1086 4433 1115 4490 iu
1135 4431 1190 4490 this
1209 4432 1317 4491 section

704 4537 783 4589 Mtn
