3112 5016
262 308 326 394 526
465 319 567 377 INST
566 320 614 375 ΙΤ
616 319 671 377 UT
669 319 815 376 lONUM
832 319 950 375 LIBRI
970 319 1205 392 QUATTUOR.
1292 320 1416 386 [Lblv.

263 484 401 563 videtur,
424 487 510 550 actio
534 487 649 551 datur:
671 487 773 550 iudex
797 486 883 550 enim
907 497 1099 569 computare
1119 487 1221 551 debet
1242 485 1418 551 mercedes

266 590 402 652 medicis
417 592 591 671 praestitas
607 602 782 674 ceteraque
797 591 973 673 impendia,
990 611 1075 672 quae
1094 591 1126 653 in
1142 592 1309 654 curatione
1325 590 1418 652 facta

265 701 349 764 sunt,
372 703 543 775 praeterea
565 715 748 777 operarum,
767 695 885 777 quibus
908 695 1011 758 caruit
1033 703 1092 758 aut
1114 695 1273 758 cariturus
1296 703 1349 757 est
1373 692 1417 754 ob

235 802 252 857 2
267 794 300 858 id
316 795 404 876 quod
425 796 548 860 inutilis
570 797 676 862 factus
694 807 752 862 est.
799 797 836 861 Si
854 797 940 860 filius
960 796 1100 860 familias
1122 817 1270 860 seorsum
1285 818 1304 860 a
1320 806 1419 878 patre

266 896 463 962 habitaverit
485 911 518 965 et
540 902 620 983 quid
643 923 687 966 ex
709 902 866 965 cenaculo
887 902 956 964 eius
979 900 1144 964 deiectum
1166 900 1348 963 ell'usumve
1364 900 1418 972 sit,

267 1000 336 1064 sive
362 1003 442 1084 quid
468 1004 614 1086 positum
641 1025 877 1087 suspensumve
903 1003 1065 1080 habuerit,
1091 1004 1184 1067 cuius
1210 1023 1304 1066 casus
1331 1003 1419 1084 peri-

267 1105 399 1169 culosus
415 1116 483 1170 est:
508 1108 636 1172 Iuliano
654 1109 778 1192 placuit
800 1111 833 1172 in
854 1118 984 1191 patrem
1006 1107 1129 1171 nullam
1151 1129 1223 1171 esse
1241 1108 1419 1182 actionem,

268 1209 326 1272 sed
343 1229 418 1272 curn
441 1209 513 1292 ipso
536 1211 602 1274 lilio
624 1213 801 1296 agendum.
838 1211 928 1295 quod
952 1221 986 1276 et
1009 1213 1042 1274 in
1066 1211 1134 1274 lilio
1152 1211 1293 1274 familias
1309 1211 1420 1273 iudice

269 1530 325 1586 quo
338 1515 422 1583 vulgo
434 1513 487 1570 iter
500 1515 555 1584 fret,
568 1517 612 1571 vel
629 1515 658 1569 in
671 1533 727 1587 quo
741 1517 918 1586 consistetur,
932 1516 1072 1573 deiectum
1085 1517 1130 1571 vel
1142 1517 1262 1572 effusum
1275 1515 1345 1586 quid
1358 1515 1420 1582 erit,

270 1606 407 1667 quantum
431 1615 465 1652 ex
489 1615 524 1653 ea
547 1617 578 1654 re
602 1599 738 1654 damnum
763 1600 862 1655 datum
891 1600 1033 1654 factumve
1060 1599 1121 1668 erit,
1147 1599 1174 1654 in
1201 1617 1276 1668 eum,
1301 1600 1350 1670 qui
1381 1597 1420 1651 ibi

270 1680 446 1751 habitaverit,
465 1680 494 1736 in
513 1682 629 1753 duplum
649 1682 783 1738 iudicium
802 1683 891 1738 dabo’
911 1683 977 1754 Dig.
990 1698 1015 1752 9.
1028 1697 1052 1751 3.
1069 1698 1090 1737 1.
1104 1700 1145 1752 pr.
1182 1684 1244 1738 The
1262 1683 1359 1738 action
1379 1681 1421 1735 for

270 1765 319 1819 the
331 1782 465 1834 recovery
477 1766 510 1819 of
518 1767 566 1821 the
579 1768 694 1836 penalty
703 1784 760 1822 was
773 1766 915 1837 popularis
929 1766 975 1834 (cf.
990 1766 1042 1821 Bk.
1055 1765 1073 1821 i.
1087 1765 1129 1820 26.
1144 1781 1159 1834 3
1172 1766 1229 1820 and
1242 1777 1319 1832 note,
1332 1764 1421 1835 supr.)

271 1847 296 1902 if
310 1849 358 1902 the
371 1848 479 1903 offence
492 1849 615 1904 resulted
634 1849 662 1903 in
681 1850 729 1904 the
748 1849 833 1904 death
848 1849 881 1903 of
895 1866 912 1904 a
930 1848 988 1903 free
1000 1849 1111 1902 man—‘
1119 1849 1274 1903 dummodo
1286 1847 1421 1915 sciamus,

271 1949 305 1987 ex
315 1932 441 2002 pluribus
451 1933 676 1988 desiderantibus
684 1934 756 1988 haec
769 1933 909 1988 actionem
919 1932 945 1986 ei
956 1931 1134 2002 potissimum
1145 1933 1204 1987 dan'
1215 1932 1327 1998 debere,
1340 1932 1421 1986 cuius

272 2015 397 2085 interest,
408 2017 452 2071 vel
460 2016 507 2086 qui
518 2017 663 2072 adfinitate
673 2016 877 2086 cognationeve
887 2015 1051 2070 defunctum
1061 2015 1213 2084 contingit'
1227 2016 1291 2086 Dig.
1302 2015 1338 2070 ib.
1351 2029 1376 2084 5.
1388 2028 1401 2083 5
1413 2036 1421 2080 ;

273 2099 330 2154 like
343 2100 425 2169 penal
439 2099 548 2155 actions
566 2099 595 2153 in
613 2101 736 2170 general,
750 2099 770 2153 it
783 2117 840 2153 was
858 2109 907 2154 not
922 2098 1065 2170 passively
1076 2098 1289 2166 transmissible,
1302 2099 1361 2154 and
1374 2099 1421 2152 the

273 2183 342 2237 time
361 2183 457 2238 within
477 2182 567 2238 which
586 2183 607 2238 it
625 2183 709 2238 could
728 2183 763 2238 be
782 2183 903 2253 brought
921 2201 977 2238 was
996 2182 1105 2237 limited
1123 2193 1153 2237 to
1171 2200 1188 2238 a
1206 2199 1280 2252 year.
1318 2183 1345 2236 A
1364 2183 1422 2236 free

274 2283 341 2320 man
360 2267 423 2320 who
442 2284 498 2322 was
517 2268 583 2335 only
601 2265 710 2336 injured
732 2267 816 2320 could
838 2283 887 2321 sue
911 2275 940 2320 at
959 2283 1015 2336 any
1033 2265 1130 2334 length
1149 2266 1181 2319 of
1195 2265 1263 2320 time
1281 2265 1353 2320 from
1373 2266 1421 2320 the

274 2366 451 2418 occurrence,
464 2350 522 2404 and
541 2349 569 2404 in
588 2351 656 2404 such
675 2367 755 2404 cases
770 2349 818 2404 the
834 2349 928 2404 action
941 2367 1034 2404 seems
1046 2349 1107 2403 also
1120 2359 1149 2403 to
1162 2349 1235 2404 bave
1247 2351 1320 2404 been
1332 2365 1421 2420 popu-

275 2432 341 2488 laris
354 2433 397 2488 for
408 2451 426 2488 a
444 2451 512 2502 year
525 2452 530 2488 :
548 2433 613 2488 ‘sed
632 2433 655 2487 si
674 2433 762 2488 libero
776 2433 901 2488 nocitum
914 2443 965 2502 est,
979 2432 1032 2503 ipsi
1045 2443 1181 2504 perpetua
1193 2433 1245 2488 erit
1258 2433 1332 2488 actio
1344 2453 1351 2498 ;
1371 2433 1421 2488 sed

276 2515 299 2572 si
322 2517 392 2572 alius
413 2517 479 2572 velit
504 2517 621 2588 experiri
644 2534 739 2572 annua
760 2517 812 2572 erit
832 2518 902 2572 haec
921 2515 1004 2585 actio,
1023 2533 1076 2571 nec
1098 2515 1174 2571 enirn
1192 2517 1343 2571 heredibus
1363 2516 1422 2571 iure

275 2600 444 2654 hereditario
466 2601 609 2671 competit,
627 2600 731 2671 quippe
753 2602 835 2670 quod
848 2600 876 2654 in
895 2617 1011 2671 corpore
1030 2599 1119 2654 libero
1137 2600 1234 2654 damni
1253 2600 1342 2668 datur,
1362 2599 1422 2654 iure

275 2683 445 2739 hereditario
463 2683 581 2738 transire
603 2681 641 2738 ad
663 2701 840 2739 successores
861 2701 919 2737 non
941 2683 1034 2752 debet,
1055 2682 1135 2753 quasi
1155 2701 1212 2738 non
1232 2683 1267 2738 sit
1287 2683 1422 2737 damnum

274 2767 475 2839 pecuniarium,
488 2785 555 2822 nam
568 2785 602 2823 ex
614 2769 690 2821 bono
704 2777 731 2822 et
744 2785 835 2838 aequo
848 2767 950 2821 oritur'
963 2767 1029 2838 Dig.
1042 2767 1094 2822 loc.
1108 2767 1155 2821 cit.

313 2852 342 2905 lf
349 2853 398 2906 the
411 2852 542 2922 occupier
554 2852 587 2906 of
595 2853 643 2906 the
656 2853 744 2907 house
755 2869 826 2906 were
839 2861 899 2906 cast
912 2851 941 2905 in
953 2868 990 2906 an
1003 2851 1077 2906 actio
1087 2852 1123 2906 de
1133 2849 1230 2906 effusis
1240 2852 1284 2904 vel
1298 2849 1423 2916 deiectis,

276 2935 313 2990 be
326 2935 409 2990 could
421 2953 536 2991 recover
548 2936 586 3005 by
598 2935 673 2990 actio
686 2935 714 2989 in
727 2935 833 2990 factum
850 2935 923 2989 from
936 2935 985 2990 the
998 2935 1090 2989 actual
1103 2935 1268 3006 delinquent
1280 2936 1375 2990 unless
1388 2935 1423 2987 he

279 3036 350 3074 were
369 3020 413 3074 his
433 3022 510 3076 slave
528 3037 560 3074 or
579 3017 782 3087 filiusfamilias,
795 3017 823 3072 in
838 3019 929 3073 which
948 3035 1014 3074 case
1032 3019 1068 3074 he
1086 3018 1170 3074 could
1186 3019 1296 3089 usually
1308 3035 1365 3089 pay
1377 3020 1425 3074 the

279 3102 416 3172 damages
430 3103 502 3158 from
515 3105 563 3159 the
576 3102 717 3176 peculium
731 3102 798 3171 Dig.
811 3102 848 3156 ib.
863 3115 886 3171 5.
899 3117 925 3169 4.
964 3167 970 3179 ι

314 3187 337 3240 1⁷
339 3204 371 3240 or
389 3179 437 3242 the
459 3187 533 3242 actio
555 3185 638 3256 positi
664 3196 712 3241 aut
736 3184 865 3255 suspensi
885 3185 920 3239 cf.
941 3185 1006 3255 Dig.
1027 3201 1052 3255 9.
1067 3201 1090 3255 5
1107 3185 1158 3256 5-6
1177 3185 1305 3257 ‘praetor
1322 3185 1370 3254 ait,
1390 3202 1426 3239 ne

277 3270 339 3342 quis
359 3271 387 3325 in
406 3270 569 3340 suggrunda
587 3279 749 3340 protectove
767 3285 852 3339 supra
871 3285 934 3323 eum
955 3270 1056 3338 locum,
1070 3287 1126 3340 quo
1139 3271 1223 3340 vulgo
1236 3269 1288 3324 iter
1301 3269 1348 3324 fiet
1362 3269 1426 3323 inve

278 3373 334 3426 quo
353 3354 529 3423 consistetur,
549 3353 579 3408 id
597 3353 719 3424 positum
739 3352 851 3420 habeat,
867 3351 946 3406 cuius
966 3369 1048 3406 casus
1067 3369 1169 3408 nocere
1188 3353 1232 3407 cui
1251 3352 1359 3423 possit;
1379 3351 1425 3423 qui

278 3439 413 3494 adversus
426 3455 461 3492 ea
473 3437 578 3506 fecerit,
593 3435 621 3490 in
634 3453 699 3490 eum
718 3435 872 3490 solidorum
891 3434 990 3490 decern
1010 3434 1163 3491 infactum
1182 3435 1316 3490 iudicium
1336 3435 1426 3489 dabo.¹

278 3523 340 3577 'ibe
353 3523 447 3576 action
460 3538 517 3575 was
531 3519 682 3590 popularis,
696 3517 761 3587 Dig.
776 3517 813 3573 ib.
827 3533 866 3588 13,
877 3518 934 3573 and
947 3519 983 3573 its
996 3519 1097 3588 object,
1107 3518 1221 3574 besides
1234 3519 1282 3574 the
1294 3535 1427 3586 recovery

278 3605 311 3659 of
325 3605 374 3660 the
392 3605 515 3674 penalty,
534 3620 591 3656 was
610 3603 658 3656 the
679 3603 804 3656 removal
824 3602 858 3656 of
874 3603 922 3656 the
944 3601 1060 3671 danger,
1079 3601 1096 3656 i.
1105 3619 1129 3656 e.
1153 3601 1174 3657 it
1192 3603 1239 3672 lay
1257 3603 1353 3657 before
1372 3618 1427 3670 any

280 3687 401 3756 damage
414 3704 471 3742 was
485 3687 607 3755 actually
620 3685 702 3740 done.

315 3767 371 3840 §a
394 3773 427 3824 ln
449 3769 505 3824 this
528 3785 594 3823 case
615 3784 653 3821 no
672 3766 766 3822 action
789 3768 930 3823 whatever
951 3767 1035 3822 could
1053 3767 1090 3822 be
1108 3767 1230 3838 brought
1250 3767 1361 3839 against
1381 3767 1428 3822 the

282 3863 362 3925 pater
375 3853 402 3908 in
416 3854 465 3908 the
478 3853 537 3906 first
547 3851 683 3919 instance,
697 3849 800 3922 ‘neque
811 3851 847 3905 de
857 3850 967 3921 peculio
977 3867 1069 3921 neque
1083 3853 1225 3906 noxalem’
1239 3851 1305 3922 Dig.
1317 3865 1360 3920 44.
1369 3863 1393 3918 7.
1406 3863 1428 3919 5.

283 3951 306 4008 5,
320 3936 372 3992 ‘de
392 3935 502 4006 peculio
520 3952 578 3989 non
596 3934 687 4003 datur,
707 3933 848 4004 quianon
867 3952 901 3988 ex
920 3943 1066 3988 contractu
1085 3933 1178 3990 venit’
1196 3935 1263 4004 Dig.
1283 3951 1306 4004 9.
1327 3951 1352 4003 3.
1368 3949 1390 3988 r.
1404 3947 1426 4000 7.

283 4025 338 4076 But
352 4020 375 4075 if
387 4021 536 4091 judgment
549 4036 621 4073 were
634 4017 786 4072 recovered
804 4017 916 4086 against
934 4017 983 4072 tbe
995 4017 1198 4072 ¹filiusfamilias
1207 4019 1264 4074 the
1282 4029 1361 4088 pater
1373 4034 1429 4071 was

281 4105 365 4160 liable
384 4115 414 4160 to
433 4105 480 4158 the
499 4102 574 4158 actio
593 4101 716 4170 iudicati,
729 4101 787 4156 and
800 4110 874 4156 must
887 4117 943 4170 pay
955 4111 985 4154 to
998 4101 1047 4155 the
1059 4109 1155 4156 extent
1168 4101 1201 4154 of
1209 4101 1257 4156 the
1269 4101 1408 4172 peculium
1422 4119 1429 4164 3

283 4199 312 4244 at
325 4190 395 4243 least
404 4187 460 4243 this
471 4203 527 4241 was
537 4187 586 4240 the
599 4185 657 4239 rule
670 4183 699 4238 in
712 4183 813 4239 delicts
823 4201 942 4254 proper:
961 4182 1110 4254 ‘quotiens
1124 4201 1209 4238 nemo
1222 4182 1429 4239 filiumfamilias

284 4289 318 4328 ex
340 4287 426 4326 causa
446 4268 540 4324 delicti
562 4267 698 4336 defendit,
719 4267 747 4321 in
768 4285 832 4322 eum
853 4266 987 4322 iudicium
1010 4267 1111 4335 datur;
1133 4279 1161 4323 et
1182 4268 1206 4322 si
1227 4268 1429 4322 condemnatus

283 4353 374 4423 fuerit,
397 4353 469 4408 lilius
494 4351 648 4406 iudicatum
673 4351 767 4406 facere
792 4351 886 4420 debet,
908 4360 985 4406 tenet
1009 4350 1086 4406 enim
1111 4350 1317 4406 condemnatio
1356 4350 1430 4419 Quin

284 4437 372 4494 immo
390 4435 477 4492 etiam
496 4434 564 4490 illud
583 4433 735 4492 dicendum
754 4444 805 4506 est,
825 4445 934 4506 patrem
952 4449 1064 4506 quoque
1083 4443 1148 4505 post
1167 4433 1432 4490 condemnationem
