3166 5022
184 321 234 370 Tit.
248 313 283 384 7.]
545 311 606 368 DE
626 311 745 368 DONA
753 311 779 365 T
776 311 960 369 IONIBUS.
1272 321 1332 370 221
1383 370 1386 376 ,

184 473 363 552 constituit,
380 483 417 540 ut
433 481 584 558 tempora
600 474 839 540 continuentur.
874 475 966 540 Inter
979 473 1187 540 venditorem
1203 495 1335 558 quoque
1350 491 1383 545 13

184 589 219 644 et
243 589 427 663 emptorem
451 579 605 663 coniungi
628 588 780 664 tempora
804 581 899 644 divus
923 579 1064 645 Severus
1087 588 1121 644 et
1145 578 1336 644 Antoninus

185 685 431 767 rescripserunt.

229 788 352 852 Edicto
375 787 442 852 divi
466 787 570 852 Marci
593 797 728 852 cavetur
749 807 834 864 eum,
858 787 915 871 qui
941 808 961 852 a
984 787 1064 852 fisco
1094 808 1163 852 rem
1194 787 1336 852 alienam
1352 791 1385 846 14

185 895 276 966 emit,
304 893 331 956 si
358 901 434 975 post
459 893 684 956 venditionem
714 893 975 975 quinquennium
1002 892 1214 975 praeterierit,
1240 911 1338 974 posse

185 997 358 1062 dominum
386 997 431 1060 rei
458 1016 517 1078 per
543 997 774 1079 exceptionem
800 996 966 1078 repellere.
1011 995 1202 1061 constitutio
1224 1005 1337 1059 autem

186 1101 283 1165 divae
308 1100 486 1164 memoriae
510 1101 653 1164 Zenonis
672 1102 758 1164 bene
782 1100 954 1183 prospexit
972 1098 1032 1176 his,
1057 1100 1113 1182 qui
1135 1120 1156 1162 a
1177 1099 1258 1162 fisco
1280 1119 1339 1180 per

185 1205 410 1270 venditionem
433 1205 486 1268 vel
508 1205 723 1269 donationem
745 1204 798 1268 vel
819 1204 920 1268 alium
947 1203 1082 1268 titulum
1106 1203 1230 1286 aliquid
1255 1203 1338 1266 acci-

186 1309 291 1392 piunt,
306 1317 342 1372 ut
365 1309 426 1391 ipsi
445 1309 580 1391 quidem
601 1309 706 1373 securi
725 1309 838 1372 statim
860 1308 942 1373 fiant
965 1317 999 1372 et
1021 1307 1161 1371 victores
1182 1307 1339 1383 existant,

187 1414 256 1478 sive
283 1413 519 1476 conveniantur
544 1413 613 1476 sive
639 1412 873 1494 experiantur:
900 1412 1057 1476 adversus
1081 1410 1339 1474 sacratissimum

187 1527 300 1581 autem
324 1517 485 1580 aerarium
509 1516 675 1598 usquead
697 1516 949 1599 quadriennium
970 1513 1068 1580 liceat
1088 1514 1258 1578 intendere
1279 1511 1339 1590 his,

188 1621 245 1702 qui
266 1640 326 1703 pro
346 1621 495 1684 dominio
513 1619 566 1684 vel
589 1619 781 1703 hypotheca
800 1641 914 1686 earum
934 1640 1052 1698 rerum,
1071 1639 1156 1702 quae
1176 1617 1340 1682 alienatae

189 1735 275 1804 sunt,
300 1725 488 1808 putaverint
519 1725 581 1788 sibi
612 1727 774 1807 quasdam
804 1734 993 1806 competere
1022 1723 1177 1790 actiones.
1227 1729 1341 1786 nostra

188 1841 301 1895 autem
322 1830 434 1893 divina
457 1829 658 1904 constitutio,
677 1849 778 1912 quam
801 1849 906 1912 nuper
927 1827 1218 1912 promulgavimus,
1240 1827 1340 1889 etiam

188 1937 232 2002 de
258 1935 318 2012 his,
346 1933 400 2016 qui
425 1955 445 1998 a
470 1942 581 1998 nostra
603 1933 657 1999 vel
680 1933 874 1998 venerabilis
893 1933 1070 2016 Augustae
1093 1933 1194 1996 domo
1216 1929 1340 2012 aliquid

189 2039 385 2120 acceperint,
399 2037 482 2102 haec
497 2039 623 2116 statuit,
639 2059 725 2120 quae
745 2038 777 2100 in
799 2037 964 2102 fiscalibus
979 2035 1232 2102 alienationibus
1247 2053 1340 2117 prae·

189 2143 278 2208 satae
295 2142 503 2206 Zenonianae
519 2141 745 2208 constitutioni
761 2143 978 2206 continentur.

724 2331 806 2396 VII.

583 2501 633 2552 ns
657 2499 954 2553 nonnrronrsus.

236 2641 300 2706 Est
323 2643 425 2707 etiam
449 2641 539 2706 aliud
560 2662 665 2726 genus
688 2641 919 2724 adquisitionis
938 2641 1082 2706 donatio.
1128 2639 1344 2704 donationum

193 2797 238 2865 By
258 2796 478 2867 usucapionibus
500 2807 528 2851 at
550 2798 599 2852 the
617 2796 675 2852 end
694 2796 727 2850 os
744 2796 793 2851 the
812 2793 921 2852 section
941 2796 964 2851 is
984 2807 1080 2852 meant
1098 2796 1262 2867 Justinian's
1282 2813 1344 2851 new

192 2890 303 2948 system
315 2880 348 2933 of
357 2879 502 2950 usucapio.

230 2960 245 3033 ξ
259 2965 305 3018 13.
326 2963 358 3016 In
369 2963 418 3018 the
429 2979 495 3018 case
505 2961 539 3018 oi
546 2962 671 3033 singular
680 2981 712 3018 as
722 2962 837 3019 distinct
847 2963 919 3018 from
928 2962 1069 3020 universal
1077 2961 1240 3019 succession
1250 2979 1345 3018 acces-

193 3043 237 3102 sio
250 3045 440 3116 possessionis
454 3045 523 3104 does
536 3055 586 3101 not
601 3063 679 3102 seem
692 3057 722 3101 to
735 3047 807 3101 have
823 3047 896 3102 been
910 3047 1030 3102 allowed
1043 3046 1070 3100 in
1086 3048 1135 3102 the
1149 3047 1197 3101 old
1215 3045 1279 3101 civil
1292 3046 1345 3100 law

193 3128 330 3198 usucapio
352 3139 454 3200 except
474 3130 603 3185 between
625 3130 734 3185 vendor
755 3129 813 3184 and
833 3130 950 3198 vendee,
973 3129 1030 3184 and
1052 3131 1114 3184 that
1135 3141 1184 3184 not
1206 3128 1277 3183 until
1297 3128 1345 3183 the

192 3211 312 3281 rescript
325 3211 491 3267 mentioned
505 3213 532 3267 in
546 3215 595 3269 the
608 3223 674 3269 text.
715 3215 748 3268 ln
767 3214 816 3268 the
832 3212 1054 3284 corresponding
1066 3212 1225 3282 praetorian
1239 3221 1345 3281 system

193 3294 281 3366 (longi
295 3294 430 3365 temporis
443 3295 599 3367 possessio)
613 3297 634 3352 it
647 3313 704 3352 was
717 3296 870 3367 permitted
883 3295 907 3351 if
915 3297 963 3350 the
974 3295 1077 3367 justice
1090 3295 1122 3349 oi
1133 3296 1181 3350 the
1194 3294 1347 3364 particular

192 3396 260 3434 case
276 3379 392 3434 seemed
408 3388 437 3434 to
454 3380 564 3450 require
580 3380 619 3436 it:
640 3379 693 3435 ‘de
706 3379 917 3435 accessionibus
934 3378 1146 3450 possessionum
1159 3377 1229 3432 nihil
1242 3377 1271 3431 in
1284 3394 1345 3448 per·

192 3471 311 3533 petuum
330 3477 423 3531 neque
445 3463 615 3532 generaliter
636 3463 754 3518 definire
775 3479 935 3534 possumus,
958 3461 1116 3517 consistunt
1138 3460 1214 3517 enim
1235 3461 1265 3515 in
1285 3461 1346 3515 sola

192 3542 354 3616 aequitate'
368 3543 434 3615 Dig.
444 3560 488 3613 44.
502 3561 525 3614 3.
541 3561 580 3614 ¹4·
594 3563 636 3618 pr.
668 3547 769 3602 Under
783 3545 925 3616 Justinian
938 3545 959 3600 it
972 3563 1029 3600 was
1043 3544 1160 3600 allowed
1174 3544 1202 3600 in
1215 3545 1252 3600 all
1265 3559 1346 3599 cases

192 3629 322 3686 between
335 3633 384 3688 the
397 3629 554 3700 usucapion
567 3647 716 3701 possessor
728 3631 785 3684 and
798 3630 843 3685 his
858 3629 1043 3700 predecessor
1056 3629 1085 3684 in
1097 3629 1158 3684 title
1172 3628 1251 3699 (Dig.
1264 3643 1307 3696 41.
1320 3642 1343 3696 4

193 3729 219 3768 2.
242 3725 273 3780 17
293 3714 351 3769 and
370 3729 424 3780 205
440 3727 484 3780 44.
504 3728 529 3782 3.
551 3728 589 3784 ¹5·
613 3714 671 3783 1-6,
692 3713 763 3769 Cod.
780 3727 806 3781 7.
819 3711 865 3784 31)
887 3713 1025 3784 provided
1043 3715 1123 3769 there
1143 3714 1202 3768 had
1218 3714 1291 3769 been
1308 3729 1347 3768 no

192 3796 291 3866 break,
305 3814 426 3852 vacuum
440 3807 561 3866 tempus,
576 3796 642 3866 Dig.
655 3812 697 3864 44.
712 3812 737 3866 3.
753 3809 793 3866 15.
810 3813 830 3852 1.

229 3877 244 3950 ξ
259 3882 306 3932 14.
324 3881 382 3934 For
399 3881 498 3934 Zeno’s
517 3879 701 3935 constitution
714 3897 762 3934 see
777 3879 846 3934 Cod.
861 3891 886 3947 7.
900 3893 941 3949 37.
957 3893 980 3934 2.
1020 3879 1122 3935 Under
1137 3881 1186 3935 the
1202 3880 1282 3935 older
1293 3879 1347 3935 law

193 3964 274 4020 there
286 3963 344 4018 had
356 3963 430 4018 been
443 3964 523 4018 three
537 3964 684 4019 abnormal
701 3981 782 4019 cases
801 3964 835 4017 os
849 3963 993 4034 usucapio,
1007 3963 1035 4018 in
1049 3963 1140 4018 which
1153 3965 1201 4018 the
1214 3962 1347 4031 ordinary

193 4047 269 4102 rules
287 4063 360 4102 were
379 4047 544 4116 suspended
562 4047 590 4102 in
609 4057 720 4118 respect
739 4047 830 4102 either
848 4047 881 4102 os
894 4047 971 4102 bona
990 4047 1068 4115 fides,
1082 4047 1186 4115 titulus,
1200 4063 1232 4100 or
1249 4047 1347 4114 length

194 4129 227 4185 os
236 4131 285 4185 the
298 4129 471 4200 possession,
484 4130 534 4186 vir.
554 4131 690 4202 usucapio
708 4129 846 4186 lucrativa
863 4147 896 4185 or
914 4129 1057 4202 possessio
1076 4147 1127 4199 pro
1141 4129 1254 4196 herede,
1268 4145 1347 4198 prac-

194 4213 291 4283 tically
299 4213 448 4268 abolished
456 4215 767 4284 byasenatus-consult
777 4214 810 4268 oi
815 4214 968 4269 Hadrian¹s
977 4213 1045 4268 time
1055 4210 1346 4282 (SC.luventianum),

195 4295 285 4352 Gaius
299 4295 327 4351 ii.
344 4297 449 4366 52-58;
467 4297 647 4368 usureceptio
665 4297 810 4368 lucrativa,
829 4297 867 4354 ib.
885 4309 918 4367 59
928 4317 936 4363 ;
955 4295 1012 4352 ancl
1031 4294 1207 4365 usureceptio
1220 4310 1254 4349 ex
1267 4311 1347 4366 prae·

196 4378 317 4446 diatura,
330 4377 367 4434 ib.
381 4379 425 4434 60.
439 4379 483 4436 61.

231 4464 295 4520 sn.
304 4463 378 4528 VH.
393 4461 520 4519 Donatio
529 4475 586 4520 was
599 4463 721 4535 perhaps
735 4462 844 4520 treated
854 4463 892 4534 by
900 4463 949 4522 the
961 4461 1041 4520 older
1049 4459 1146 4532 jurists
1159 4477 1190 4518 as
1203 4475 1221 4516 a
1233 4458 1348 4516 distinct
