3112 5016
169 296 218 344 ru.
234 289 271 356 ⁶]
557 287 618 342 aa
639 287 908 346 aenomaus,
1255 293 1317 368 537

168 453 309 536 quaein
333 473 506 536 personam
529 464 614 532 sunt,
636 452 699 517 hae
722 453 856 536 quidem
879 473 965 536 quae
988 473 1031 516 ex
1054 461 1224 518 contractu
1244 474 1318 517 nas-

170 567 287 622 cuntur
316 557 383 621 fere
414 578 530 620 omnes
558 559 602 621 rei
629 560 877 640 persequendae
908 579 1007 621 causa
1032 566 1243 640 comparatae
1272 558 1320 620 vi·

170 663 307 726 dentur:
337 662 438 724 veluti
465 662 584 745 quibus
612 673 760 726 mutuam
786 663 958 744 pecuniam
986 661 1039 725 vel
1065 663 1097 724 in
1126 661 1319 744 stipulatum

170 765 348 829 deductam
364 766 448 848 petit
466 777 566 841 actor,
584 768 663 830 item
685 767 897 844 commodati,
917 765 1069 847 depositi,
1086 765 1241 844 mandati,
1260 785 1320 847 pro

171 870 268 945 socio,
295 889 338 932 ex
362 879 476 951 empto
497 869 641 946 vendito,
666 870 775 934 locato
798 870 971 933 conducto.
1009 869 1107 952 plane
1130 871 1156 932 si
1179 869 1320 951 depositi

171 984 288 1056 agetur
312 994 351 1036 eo
375 975 517 1048 nomine,
545 975 634 1056 quod
661 973 824 1037 tumultus
850 974 991 1037 incendii
1019 975 1131 1036 ruinae
1161 971 1321 1056 naufragii

171 1098 268 1140 causa
293 1078 481 1159 depositum
504 1077 555 1156 sit,
578 1079 610 1140 iu
633 1077 771 1160 duplum
798 1078 962 1141 actionem
990 1087 1123 1160 praetor
1149 1077 1265 1151 reddit,
1293 1076 1320 1139 si

173 1183 274 1245 modo
290 1202 362 1245 cum
381 1182 453 1263 ipso
464 1183 552 1263 apud
568 1203 667 1264 quem
684 1181 874 1264 depositum
890 1183 932 1245 sit
951 1191 1009 1245 aut
1024 1201 1099 1244 cum
1115 1179 1236 1244 herede
1252 1181 1321 1243 eius

172 1307 216 1349 ex
232 1285 310 1350 dolo
326 1286 427 1368 ipsius
442 1287 567 1369 agitur:
591 1306 657 1367 quo
672 1305 749 1349 casu
767 1287 873 1350 mixta
889 1295 940 1350 est
954 1285 1049 1349 actio.
1082 1284 1137 1347 Ex
1154 1283 1321 1348 maleficiis
1337 1285 1370 1339 18

171 1411 248 1454 vero
279 1392 429 1472 proditae
462 1391 609 1454 actiones
639 1389 723 1454 aliae
757 1400 886 1454 tantum
917 1409 1044 1472 poenae
1077 1389 1322 1471 persequendae

172 1515 271 1558 causa
300 1505 511 1576 comparatae
541 1503 627 1568 sunt,
653 1493 735 1558 aliae
765 1503 834 1558 tam
863 1513 992 1576 poenae
1018 1514 1118 1576 quarn
1144 1493 1188 1555 rei
1212 1512 1323 1574 perse·

170 1599 320 1682 quendae
344 1608 377 1662 et
399 1599 443 1661 ob
466 1599 499 1662 id
523 1598 648 1662 mixtae
672 1609 757 1662 sunt.
794 1619 936 1682 poenam
960 1608 1089 1662 tantum
1113 1596 1321 1679 persequitur

174 1705 246 1786 quis
269 1705 398 1768 actione
421 1702 516 1766 furti:
542 1704 609 1767 sive
628 1704 714 1765 enim
739 1702 902 1766 manifesti
925 1711 1043 1784 agatur
1057 1699 1232 1783 quadrupli
1254 1701 1323 1762 sive

174 1828 234 1871 nec
261 1807 424 1871 manifesti
448 1805 550 1890 dupli,
576 1809 618 1871 de
642 1806 712 1870 sola
732 1827 840 1890 poena
862 1807 990 1887 agitur:
1022 1825 1099 1868 nam
1125 1805 1231 1886 ipsam
1253 1823 1323 1866 rern

174 1913 304 1993 propria
320 1912 450 1976 actione
468 1912 674 1994 persequitur
689 1913 770 1994 quis,
788 1911 887 1973 idest
908 1929 1001 1972 suam
1022 1929 1093 1971 esse
1113 1917 1237 1989 petens,
1256 1908 1324 1969 sive

175 2015 226 2077 fur
248 2017 318 2098 ipse
341 2037 415 2079 eam
438 2035 507 2080 rem
532 2016 709 2098 possideat,
733 2016 801 2077 sive
824 2013 908 2078 alius
930 2012 1085 2094 quilibet:
1117 2032 1156 2074 eo
1182 2009 1324 2092 amplius

174 2121 331 2184 adversus
354 2120 458 2182 furem
483 2121 582 2183 etiam
605 2120 769 2184 condictio
792 2118 920 2182 estrei.
966 2116 1008 2180 Vi
1028 2123 1139 2180 autem
1161 2113 1323 2177 bonorum
1339 2122 1373 2178 19

175 2234 345 2306 raptorum
371 2225 458 2287 actio
487 2225 593 2287 mixta
619 2233 678 2296 est,
706 2224 782 2304 quia
807 2223 839 2284 in
862 2218 1048 2304 quadruplo
1072 2219 1117 2282 rei
1140 2218 1325 2301 persecutio

176 2329 369 2403 continetur,
386 2347 494 2409 poena
510 2337 621 2391 autem
638 2325 726 2409 tripli
742 2337 803 2389 est.
841 2326 899 2388 sed
916 2333 949 2386 et
968 2322 1050 2404 legis
1065 2321 1222 2404 Aquiliae
1239 2322 1325 2384 actio

175 2431 218 2494 de
242 2431 365 2495 damno
392 2433 500 2495 mixta
524 2441 583 2507 est,
610 2451 675 2493 non
702 2429 808 2494 solum
833 2429 859 2493 si
886 2428 1043 2492 adversus
1067 2425 1263 2489 infitiantem
1292 2425 1324 2487 in

175 2534 313 2617 duplum
337 2545 461 2619 agatur,
479 2536 536 2600 sed
561 2535 724 2600 interdum
749 2543 781 2597 et
804 2534 830 2596 si
854 2533 886 2595 in
910 2529 1066 2613 simplum
1085 2530 1224 2612 quisque
1246 2528 1325 2610 agit.

175 2640 277 2704 veluti
293 2641 320 2703 si
341 2640 414 2722 quis
436 2639 604 2704 hominem
628 2639 781 2704 claudum
802 2645 860 2700 aut
883 2635 1011 2698 luscum
1034 2634 1198 2707 occiderit,
1214 2633 1271 2714 qui
1292 2633 1325 2694 in

176 2764 216 2807 eo
232 2765 319 2807 anno
343 2745 471 2827 integer
486 2754 519 2808 et
540 2745 650 2828 magni
667 2744 763 2826 pretii
781 2741 896 2805 fuerit:
919 2739 1001 2803 tanti
1027 2739 1114 2800 enirn
1139 2739 1325 2810 damnatur,

176 2849 291 2929 quanti
306 2849 333 2909 is
353 2847 454 2911 homo
476 2849 508 2910 in
529 2869 568 2911 eo
588 2869 674 2912 anno
697 2847 829 2930 plurimi
850 2845 956 2921 fuerit,
972 2843 1153 2906 secundum
1176 2841 1241 2904 iam
1262 2850 1326 2902 tra-

176 2953 281 3014 ditam
297 2951 502 3015 divisionem.
539 2952 618 3014 item
636 2952 742 3014 mixta
758 2960 808 3013 est
823 2951 910 3014 actio
931 2957 1045 3011 contra
1061 2966 1126 3022 eos,
1141 2945 1197 3027 qui
1214 2943 1327 3006 relicta

177 3055 394 3117 sacrosanctis
421 3053 565 3117 ecclesiis
591 3055 643 3116 vel
673 3053 745 3117 aliis
770 3051 1012 3116 venerabilibus
1040 3049 1120 3112 locis
1152 3048 1252 3129 legati
1274 3045 1327 3109 vel

177 3157 421 3220 fideicommissi
437 3159 570 3219 nomine
592 3159 670 3221 dare
691 3155 876 3220 distulerint
894 3175 997 3236 usque
1016 3153 1109 3230 adeo,
1125 3162 1161 3214 ut
1178 3153 1278 3214 etiam
1295 3150 1328 3212 in
1420 3203 1427 3213 .

178 3261 334 3324 iudicium
349 3271 558 3324 vocarentur:
582 3273 661 3324 tunc
678 3260 800 3324 etenim
816 3269 849 3322 et
870 3259 976 3340 ipsam
993 3276 1062 3320 rem
1080 3254 1131 3318 vel
1154 3255 1328 3336 pecuniam

178 3385 263 3448 quae
279 3365 391 3429 relicta
408 3374 458 3428 est
473 3367 551 3428 dare
567 3363 809 3447 compelluntur
824 3374 858 3428 et
878 3361 967 3425 aliud
990 3369 1119 3424 tanturn
1137 3379 1197 3440 pro
1213 3378 1328 3440 poena,

178 3479 211 3534 et
227 3470 302 3534 ideo
317 3469 350 3532 in
366 3469 505 3551 duplum
522 3470 591 3533 eius
607 3469 644 3532 fit
660 3467 904 3533 condemnatio

179 3677 374 3748 persequimur
386 3676 462 3748 quod
475 3694 509 3731 ex
521 3673 692 3746 patrimonio
704 3675 801 3728 abest'
815 3673 880 3741 Dig.
891 3687 935 3738 44.
946 3684 970 3738 7.
982 3682 1014 3739 35
1029 3689 1035 3734 ;
1054 3669 1121 3736 they
1131 3685 1179 3721 are
1192 3663 1330 3734 designed

180 3761 285 3829 merely
298 3771 327 3815 to
339 3761 450 3814 redress
464 3759 521 3814 and
538 3760 622 3814 make
634 3757 794 3828 reparation
812 3758 855 3811 for
867 3757 915 3810 the
929 3771 1024 3823 wrong
1042 3753 1080 3822 by
1092 3751 1184 3805 which
1202 3751 1269 3818 they
1282 3765 1330 3802 are

180 3844 271 3898 called
291 3843 351 3897 into
369 3843 523 3914 operation.
562 3845 620 3897 For
636 3840 796 3912 depositum
810 3837 970 3893 miserabile
989 3854 1037 3891 see
1050 3853 1078 3906 p.
1093 3836 1145 3903 384
1155 3851 1230 3903 supr.
1268 3832 1330 3884 The

181 3927 356 3981 contractual
375 3926 449 3981 aetio
466 3925 649 3981 redhibitoria
664 3927 702 3996 (p.
711 3939 763 3993 4²3
775 3922 862 3994 supr.)
877 3939 934 3976 was
945 3923 1006 3975 also
1019 3920 1112 3990 penal,
1123 3918 1187 3987 Dig.
1198 3931 1239 3970 ar.
1255 3930 1276 3968 ι.
1287 3927 1330 3984 45,

182 4011 239 4065 and
252 4028 284 4065 so
297 4021 345 4066 too
358 4027 415 4064 was
429 4011 476 4064 the
489 4009 583 4064 action
596 4009 676 4080 quasi
690 4026 724 4063 ex
737 4016 882 4062 contractu
896 4005 1005 4076 spoken
1018 4003 1051 4056 of
1060 4003 1088 4056 in
1103 3999 1117 4072 ξ
1136 4015 1167 4069 19
1180 3999 1216 4054 ad
1231 3999 1277 4052 fin.

219 4094 233 4166 ξ
247 4099 293 4150 18.
314 4097 371 4149 For
383 4094 431 4148 the
444 4093 518 4148 actio
531 4092 595 4147 furti
609 4109 657 4147 see
669 4109 696 4162 p.
714 4104 761 4161 505
776 4107 851 4160 supr.

219 4179 291 4251 519.
313 4179 369 4232 For
381 4178 429 4232 the
443 4175 567 4230 ‘mixed'
580 4177 725 4230 character
744 4175 776 4228 of
790 4175 839 4228 the
858 4171 968 4226 actions
988 4187 1025 4224 on
1042 4167 1069 4222 vi
1088 4168 1164 4222 bona
1180 4173 1262 4234 rapta
1274 4161 1331 4217 and

181 4265 318 4320 damnum
340 4261 441 4316 iniuria
461 4260 558 4314 datum
580 4261 614 4313 cf.
633 4259 689 4312 Tit.
707 4273 731 4312 2.
748 4275 798 4327 pn,
812 4256 868 4310 Tit.
882 4269 938 4324 3.9
957 4271 1032 4324 supr.
1056 4251 1113 4306 and
1134 4259 1224 4304 notes.
1269 4247 1332 4299 The

182 4350 265 4404 latter
283 4345 375 4400 would
397 4345 433 4399 be
452 4344 558 4412 merely
576 4343 616 4398 rei
638 4339 829 4412 persecutoria
850 4339 873 4392 if
889 4339 938 4392 the
957 4335 1111 4391 defendant
1130 4329 1268 4387 admitted
1287 4327 1332 4382 his

182 4429 301 4502 liability
314 4429 343 4484 in
360 4429 408 4486 the
425 4428 549 4484 abstract
564 4423 590 4497 (ξ
605 4425 639 4480 26
652 4424 721 4494 inf),
733 4425 781 4479 the
799 4421 934 4478 iudicium
951 4419 1037 4489 being
1050 4417 1139 4486 solely
1151 4415 1193 4470 for
1206 4413 1254 4468 the
1267 4427 1331 4482 pur-
