3166 5022
167 312 265 378 Tit.1.]
507 309 568 366 DE
588 308 740 365 RERUM
758 307 988 366 DIVISIONE.
1257 309 1318 384 191

212 473 388 538 Praeterea
418 474 508 556 quod
536 493 596 556 per
618 473 817 537 alluvionem
842 493 923 556 agro
949 481 1008 538 tuo
1033 472 1155 538 flumen
1186 475 1315 550 adiecit,
1330 491 1366 547 20

168 579 237 643 iure
251 579 402 662 gentium
424 578 485 642 tibi
508 578 700 660 adquiritur.
732 587 782 641 est
801 587 912 642 autem
935 577 1056 642 alluvio
1079 581 1316 643 incrementum

167 682 284 747 latens.
316 701 375 764 per
390 681 587 746 alluvionem
603 691 715 746 autern
732 681 765 745 id
781 681 911 745 videtur
925 681 1018 760 adici,
1034 684 1123 764 quod
1140 683 1186 748 ita
1202 683 1317 766 paula·

167 786 229 850 tim
250 785 399 860 adicitur,
422 793 458 848 ut
478 784 666 868 intellegere
687 804 752 848 non
774 785 889 866 possis,
910 793 1071 866 quantum
1092 806 1227 869 quoquo
1246 806 1317 850 mo·
1378 815 1381 820 ·

169 898 282 952 mento
298 889 458 972 temporis
473 889 642 953 adiciatur.
673 887 802 972 Quodsi
813 889 863 952 vis
875 887 1019 954 fluminis
1029 900 1156 972 partem
1172 890 1316 972 aliquam
1331 897 1363 952 21

169 1013 215 1056 ex
240 1002 300 1056 tuo
322 994 459 1075 praedio
483 993 664 1056 detraxerit
687 1003 721 1056 et
741 992 837 1055 vicini
858 993 993 1075 praedio
1013 993 1185 1076 appulerit,
1206 993 1317 1076 palam

171 1105 222 1160 est
249 1117 323 1160 eam
348 1107 441 1160 tuam
465 1116 668 1179 permanere.
700 1094 800 1178 plane
822 1096 849 1159 si
874 1095 1022 1178 longiore
1046 1107 1195 1178 ternpore
1216 1097 1319 1160 fundo

169 1200 266 1264 vicini
282 1199 426 1264 haeserit
438 1200 644 1282 arboresque,
658 1219 741 1281 quas
756 1217 868 1265 secum
884 1202 1031 1279 traxerit,
1044 1201 1077 1263 in
1093 1221 1168 1264 eum
1181 1200 1319 1263 fundum

171 1304 297 1368 radices
313 1303 450 1384 egerint,
462 1323 505 1366 ex
521 1323 561 1367 eo
575 1311 725 1385 tempore
736 1303 891 1367 videntur
904 1305 1001 1367 vicini
1016 1301 1119 1368 fundo
1134 1303 1320 1385 adquisitae

171 1427 253 1472 esse.
300 1406 420 1486 Insula,
436 1427 522 1488 quae
543 1407 576 1470 in
598 1407 777 1470 matinata
799 1415 857 1486 est,
878 1408 968 1490 quod
989 1429 1060 1471 raro
1080 1407 1206 1484 accidit,
1222 1427 1318 1471 occu·
1333 1413 1369 1469 22

170 1511 281 1594 pantis
297 1508 350 1572 fit:
375 1509 495 1572 nullius
508 1511 595 1573 enim
612 1529 684 1573 esse
699 1510 851 1574 creditur.
882 1518 917 1574 at
933 1511 965 1573 in
981 1509 1115 1574 flumine
1131 1519 1217 1586 nata,
1230 1511 1319 1592 quod

171 1612 361 1694 frequenter
382 1612 510 1690 accidit,
526 1614 553 1676 si
571 1613 705 1695 quidem
728 1613 871 1677 mediam
895 1623 1021 1696 partem
1038 1613 1180 1678 fluminis
1199 1623 1320 1688 teneat,

171 1717 358 1780 eommunis
385 1725 435 1780 est
461 1736 584 1792 eorum,
611 1717 668 1799 qui
694 1717 737 1780 ab
762 1727 902 1799 utraque
929 1726 1023 1799 parte
1048 1717 1191 1780 fluminis
1217 1737 1322 1800 prope

172 1821 277 1900 ripam
294 1820 428 1900 praedia
444 1819 623 1902 possident,
640 1839 699 1902 pro
724 1821 825 1884 modo
848 1819 1030 1884 latitudinis
1046 1819 1203 1903 cuiusque
1218 1820 1320 1896 fundi,
1414 1857 1415 1860 =

172 1943 259 2004 quae
281 1921 423 1986 latitudo
445 1943 549 2005 prope
572 1923 677 2006 ripam
700 1924 753 1988 sit.
788 1923 905 2005 quodsi
928 1923 1023 1986 alteri
1039 1925 1124 2006 parti
1140 1923 1323 2006 proximior

173 2025 225 2100 sit,
242 2045 356 2089 eorum
372 2033 422 2090 est
437 2037 576 2106 tantum,
592 2027 669 2110 quia
691 2027 734 2090 ab
758 2047 798 2090 ea
820 2037 914 2109 parte
935 2047 1038 2110 prope
1061 2028 1166 2110 ripam
1188 2027 1322 2108 praedia

174 2130 355 2211 possident.
400 2130 519 2211 quodsi
541 2129 657 2212 aliqua
676 2139 770 2212 parte
794 2129 934 2194 divisum
958 2129 1090 2207 flumen,
1105 2130 1225 2193 deinde
1240 2129 1323 2191 inira

175 2235 306 2299 unitum
329 2253 446 2316 agrum
469 2233 606 2297 alicuius
629 2235 661 2296 in
685 2233 826 2298 sormam
845 2233 971 2297 insulae
987 2233 1157 2314 redegerit,
1174 2231 1321 2295 eiusdem

174 2345 349 2420 permanet
369 2338 397 2401 is
418 2357 504 2420 ager,
522 2338 614 2401 cuius
634 2345 668 2401 et
692 2335 807 2401 suerat.
858 2337 987 2420 Quodsi
1009 2335 1150 2400 naturali
1172 2335 1267 2399 alveo
1288 2336 1321 2397 in
1335 2346 1371 2401 23

176 2441 364 2504 universum
388 2440 545 2504 derelicto
567 2441 632 2505 alia
654 2451 750 2524 parte
772 2440 874 2504 fluere
899 2442 1052 2524 coeperit,
1077 2437 1165 2521 prior
1188 2439 1322 2522 quidem

175 2545 289 2612 alveus
305 2565 418 2608 eorum
434 2555 496 2622 est,
512 2546 568 2627 qui
584 2565 688 2628 prope
704 2546 809 2628 ripam
829 2546 898 2608 eius
917 2545 1052 2629 praedia
1067 2543 1249 2627 possident,
1264 2563 1324 2625 pro

177 2650 279 2714 modo
308 2649 432 2714 scilicet
456 2648 640 2713 latitudinis
663 2650 820 2732 cuiusque
843 2650 922 2731 agri,
945 2667 1030 2731 quae
1054 2647 1195 2712 latitudo
1221 2667 1325 2730 prope

177 2755 283 2835 n'pam
301 2752 353 2827 sit,
371 2773 474 2816 novus
490 2761 601 2817 autem
618 2751 732 2816 alveus
753 2753 823 2817 eius
846 2753 924 2815 iuris
944 2771 1015 2816 esse
1036 2753 1160 2834 incipit,
1177 2753 1269 2815 cuius
1293 2761 1326 2815 et

176 2857 286 2938 ipsum
302 2854 434 2932 flumen,
449 2856 482 2919 id
499 2865 549 2920 est
565 2854 726 2938 publicus.
757 2856 875 2938 quodsi
892 2865 968 2937 post
983 2850 1117 2938 aliquod
1133 2863 1266 2937 tempus
1283 2855 1326 2918 ad

176 2962 319 3043 priorem
345 2959 476 3024 alveum
500 2969 665 3023 revers'um
689 2960 786 3024 suerit
809 2959 940 3038 flumen,
963 2979 1073 3024 rursus
1095 2979 1199 3022 novus
1215 2957 1327 3022 alveus

178 3084 293 3128 eorum
314 3084 386 3128 esse
409 3065 531 3147 incipit,
557 3065 613 3147 qui
641 3084 745 3146 prope
769 3064 873 3146 ripam
899 3065 968 3128 eius
989 3063 1123 3145 praedia
1146 3062 1327 3144 possident.

177 3167 260 3232 Alia
290 3187 370 3231 sane
399 3187 499 3232 causa
529 3177 591 3242 est,
619 3169 646 3232 si
674 3169 765 3232 cuius
795 3178 886 3232 totus
912 3187 992 3249 ager
1017 3165 1195 3229 inundatus
1221 3163 1377 3226 {ueritas

177 3436 272 3493 cessio
296 3453 389 3493 rerum
411 3437 566 3492 alienarum
588 3435 625 3505 (e)
651 3435 804 3507 adjunctio,
829 3434 920 3489 which
945 3432 1101 3503 comprises
1130 3429 1329 3500 inaedificatio,

179 3519 211 3592 §5
226 3535 270 3590 29,
279 3535 322 3588 30,
335 3520 473 3591 plantatio
486 3521 543 3575 and
556 3520 638 3588 satio,
649 3517 681 3590 ἐξ
694 3533 735 3588 31,
746 3533 788 3588 32,
799 3518 856 3573 and
866 3516 1012 3573 accession
1025 3517 1058 3571 of
1067 3513 1177 3584 wn’ting
1188 3525 1218 3569 to
1230 3517 1330 3584 parch-

177 3615 266 3674 ment,
281 3606 295 3671 §
310 3619 345 3673 33
358 3603 402 3673 (ci
418 3606 432 3672 t
447 3603 501 3672 26),
515 3603 572 3658 and
590 3604 624 3658 os
638 3602 781 3674 paintings
798 3612 828 3657 to
844 3603 892 3657 the
911 3617 1025 3671 canvas,
1040 3598 1054 3670 §
1068 3614 1122 3668 343
1141 3598 1189 3671 (s)
1203 3599 1331 3654 confusio

178 3688 236 3744 and
251 3686 424 3754 commixtio,
438 3685 470 3757 ἕξ
485 3699 518 3753 27
531 3687 588 3741 and
602 3686 645 3742 28.-

214 3771 294 3839 §22
313 3773 360 3824 An
379 3769 471 3824 island
489 3770 599 3824 formed
618 3768 678 3823 ina
692 3767 766 3824 river
782 3767 805 3822 is
824 3767 958 3838 acquired
977 3767 1015 3836 by
1027 3766 1154 3822 accessio
1171 3767 1238 3836 only
1249 3769 1330 3821 when

178 3855 228 3909 the
241 3854 346 3908 flumen
360 3853 384 3907 is
396 3851 540 3924 publicum
555 3851 634 3921 (note
646 3869 683 3906 on
697 3853 712 3919 §
724 3867 740 3906 2
751 3850 838 3922 supr:)
851 3871 857 3905 :
877 3851 901 3905 is
909 3851 957 3906 the
970 3861 1075 3906 stream
1088 3851 1112 3905 is
1125 3859 1174 3905 not
1187 3849 1332 3920 publicum

179 3937 216 3992 its
229 3937 286 3992 bed
299 3935 417 4003 already
428 3935 547 4004 belongs
564 3945 594 3989 to
610 3933 659 3989 the
676 3933 800 4004 riparian
815 3951 933 3991 owners.
968 3935 994 3988 T
996 3935 1031 3990 he
1045 3934 1106 3989 rule
1124 3934 1167 3987 ior
1182 3931 1332 3988 determin-

178 4021 229 4089 ing
249 4021 298 4074 the
318 4017 480 4087 ownership
500 4018 533 4071 of
551 4017 643 4072 insula
664 4027 732 4072 nata
754 4017 778 4071 is
800 4015 967 4086 incorrectly
985 4016 1079 4072 stated
1096 4015 1125 4069 in
1143 4015 1191 4068 the
1209 4023 1285 4068 text:
1311 4011 1332 4066 it

177 4101 322 4172 belonged
341 4099 512 4168 exclusively
524 4110 554 4154 to
572 4100 621 4155 the
638 4098 761 4170 riparian
775 4115 870 4153 owner
885 4117 917 4154 or
934 4115 1042 4153 owners
1060 4115 1097 4151 on
1114 4113 1168 4150 one
1187 4095 1248 4149 side
1267 4095 1334 4162 only

178 4187 262 4240 when
275 4202 293 4240 a
305 4184 363 4238 line
380 4183 477 4238 drawn
494 4183 577 4238 down
592 4183 641 4237 the
658 4191 754 4237 centre
772 4183 805 4236 of
819 4183 868 4237 the
886 4181 1028 4236 river-bed
1041 4179 1132 4233 would
1151 4194 1218 4248 pass
1232 4177 1333 4246 wholly

178 4279 210 4324 to
224 4269 272 4323 the
287 4267 362 4338 right
381 4283 414 4321 or
430 4265 478 4321 left
491 4268 523 4322 oi
534 4267 562 4321 it.
602 4267 632 4320 Is
644 4266 745 4321 such'a
758 4265 814 4321 line
834 4277 880 4321 cut
898 4265 918 4320 it
937 4275 965 4319 at
981 4265 1027 4332 all,
1040 4263 1087 4317 the
1106 4260 1264 4330 ownership
1277 4275 1334 4314 was

179 4351 296 4408 divided
311 4351 399 4420 (¹non
412 4365 463 4419 pro
476 4347 605 4418 indiviso,
618 4347 669 4404 sed
682 4347 844 4418 regionibus
862 4363 974 4418 quoque
987 4344 1100 4402 divisis’
1113 4342 1177 4415 Dig.
1192 4357 1236 4412 41.
1252 4358 1274 4400 1.
1288 4341 1334 4414 29)

179 4451 251 4491 ewen
264 4433 376 4504 though
390 4429 411 4487 it
424 4448 481 4487 was
493 4431 536 4487 sar
547 4431 620 4487 from
632 4433 681 4487 the
694 4441 774 4488 exact
788 4430 903 4486 middle.
1017 4455 1021 4464 ·
