3028 5016
115 330 227 398 Tir.18.]
443 327 505 385 DE
524 323 718 385 PUBLICIS
739 325 925 388 IUDICIIS.
1201 321 1264 404 607

114 492 285 557 infandam
307 491 477 557 libidinem
501 513 656 558 exercere
679 492 813 558 audent.
858 494 917 557 sed
939 493 1055 558 eadem
1080 492 1154 578 lege
1179 495 1264 560 Iulia

115 597 215 661 etiam
231 597 336 679 stupri
355 595 515 680 flagitium
536 597 682 679 punitur,
696 616 772 661 cum
793 596 866 678 quis
886 597 957 660 sine
981 597 1012 660 vi
1031 596 1084 661 vel
1102 599 1263 680 virginem

113 700 167 764 vel
191 700 326 764 viduam
353 699 492 765 honeste
520 700 687 764 viventem
715 699 919 782 stupraverit.
974 720 1118 783 poenam
1148 712 1262 767 autem

115 805 231 868 eadem
247 802 305 867 lex
320 803 442 887 irrogat
458 804 692 887 peccatoribus„
709 805 736 868 si
757 803 888 868 honesti
903 813 988 881 sunt,
1005 803 1262 887 publicationem

10 929 12 938 ’
113 907 215 990 partis
246 908 402 973 dimidiae
428 908 599 988 bonorum,
621 909 650 972 si
678 907 829 987 humiles,
856 909 1001 992 corporis
1030 911 1262 974 coercitionem

114 1031 189 1075 cum
205 1011 413 1095 relegatione.
449 1013 536 1076 Item
548 1013 605 1077 lex
620 1011 774 1078 Cornelia
785 1014 828 1078 de
839 1013 970 1092 sicariis
982 1033 1068 1096 quae
1079 1012 1262 1079 homicidas
1275 1027 1292 1082 5

113 1115 220 1179 ultore
242 1114 327 1180 ferro
349 1117 556 1199 persequitur
575 1116 627 1182 vel
650 1137 715 1194 eos,
732 1117 788 1201 qui
811 1115 953 1181 hominis
975 1117 1145 1181 occidendi
1164 1138 1263 1182 causa

113 1238 188 1282 cum
211 1217 280 1284 telo
302 1219 484 1285 ambulant.
529 1220 633 1284 telum
656 1230 779 1299 autem,
795 1229 831 1284 ut
852 1219 954 1284 Gaius
975 1230 1087 1284 noster
1108 1222 1141 1284 in
1163 1221 1263 1286 inter·

113 1323 299 1404 pretatione
321 1322 404 1405 legis
426 1325 603 1389 duodecim
622 1323 809 1388 tabularum
830 1325 988 1407 scriptum
1009 1323 1147 1406 reliquit,
1161 1323 1262 1406 vulgo

113 1427 247 1506 quidem
272 1427 304 1490 id
331 1427 526 1510 appellatur,
552 1428 642 1510 quod
667 1429 710 1492 ab
734 1444 811 1492 arcu
837 1428 995 1491 mittitur:
1022 1427 1082 1491 sed
1107 1437 1140 1492 et
1162 1449 1263 1494 omne

112 1529 322 1613 significatur,
353 1532 442 1613 quod
474 1551 574 1596 manu
604 1532 775 1596 cuiusdam
806 1532 967 1596 mittitur:
998 1532 1144 1612 sequitur
1173 1552 1261 1614 erg0,

113 1643 150 1696 ut
180 1643 214 1698 et
244 1634 328 1716 lapis
358 1645 392 1699 et
422 1635 549 1718 lignum
580 1645 612 1700 et
642 1636 763 1700 ferrum
793 1635 857 1699 hoc
887 1636 1020 1698 nomine
1046 1635 1260 1700 contineatur.

112 1737 304 1820 dictumque
332 1738 376 1801 ab
405 1759 454 1818 eo,
480 1739 570 1821 quod
602 1741 635 1802 in
665 1739 881 1822 longinquum
912 1739 1061 1816 mittitur,
1084 1759 1106 1802 a
1136 1738 1262 1804 Graeca

111 1861 193 1906 voce
219 1841 404 1925 figuratum,
432 1841 491 1904 ἀπὸ
520 1846 572 1904 τοῦ
597 1847 708 1920 τηλοΰι
739 1851 773 1906 et
802 1842 886 1906 hanc
916 1842 1187 1924 significationem
1214 1845 1262 1906 in-

111 1947 222 2010 venire
242 1967 416 2028 possumus
435 1955 469 2010 et
492 1946 525 2009 in
545 1945 673 2011 Graeco
695 1946 845 2010 nomine:
869 1966 947 2009 nam
967 1946 1058 2029 quod
1079 1967 1139 2009 nos
1155 1947 1260 2011 telum

111 2049 328 2133 appellamus,
349 2050 396 2114 illi
417 2049 512 2129 βέλος
529 2051 699 2133 appellant
722 2049 853 2114 ἀπὸτοῦ
874 2048 1056 2129 βάλλεσθαι.
1101 2049 1260 2118 admonet

111 2173 172 2217 nos
203 2153 402 2236 Xenophon,
433 2171 510 2216 nam
540 2153 587 2219 ita
613 2141 762 2236 scripsit:
793 2152 841 2216 rol
864 2155 902 2216 rb
923 2153 1003 2231 βέλη
1033 2154 1106 2231 ὁμοῦ
1129 2153 1259 2234 ἐφέρετο,

109 2257 230 2338 λόγχαι,
247 2257 415 2334 τοξεύματα,
435 2257 610 2336 σφενδόναι,
625 2261 763 2320 πλεῖστοι
781 2259 813 2319 δὲ
833 2254 880 2320 καὶ
901 2255 990 2320 λίθοι.
1021 2256 1126 2321 sicarii
1147 2268 1260 2322 autem

110 2361 318 2443 appellantur
339 2380 360 2424 a
382 2360 457 2438 sica,
480 2362 569 2442 quod
597 2361 760 2443 significat
784 2360 925 2424 ferreum
947 2360 1099 2425 cultrum.
1143 2362 1260 2425 eadem

110 2465 184 2548 lege
207 2473 241 2528 et
265 2463 401 2528 venefici
426 2465 535 2547 capite
562 2464 772 2540 damnantur,
798 2464 854 2545 qui
881 2463 1007 2527 artibus
1033 2465 1165 2540 odiosis,
1190 2473 1260 2528 tam

109 2569 243 2632 venenis
271 2567 324 2632 vel
353 2568 490 2631 susurris
521 2567 659 2652 magicis
688 2567 839 2632 homines
870 2567 1062 2631 occiderunt
1087 2567 1140 2632 vel
1172 2567 1260 2633 mala

109 2867 151 2932 48.
167 2878 190 2934 5.
207 2880 229 2920 1.
274 2865 336 2918 The
361 2863 499 2934 penalties
519 2863 611 2918 which
633 2863 654 2918 it
674 2864 761 2933 really
783 2861 909 2918 inflicted
934 2879 1012 2918 seem
1033 2873 1063 2918 to
1087 2864 1161 2919 have
1185 2863 1259 2920 been

109 2947 243 3017 relegatio
257 2945 285 3000 iu
298 2947 419 3000 insulam
432 2946 490 3000 and
504 2946 606 3015 partial
619 2946 804 3002 confiscation
818 2947 850 3000 of
863 2948 912 3001 the
924 2956 1056 3016 property
1069 2947 1102 3000 of
1109 2948 1180 3002 both
1192 2963 1259 3002 man

109 3031 167 3085 and
179 3046 298 3097 woman,
313 3029 389 3082 Paul.
403 3038 474 3082 sent.
488 3045 543 3082 rec.
558 3044 582 3082 2.
595 3029 636 3083 26.
654 3043 704 3094 14:
723 3029 758 3083 cf.
769 3031 838 3085 Tac.
848 3029 920 3084 Ann.
936 3045 959 3082 2.
971 3042 1011 3098 50.
1028 3031 1060 3098 85
1075 3029 1119 3084 ‘in
1137 3029 1259 3086 insulam

110 3111 270 3169 ...abdita
287 3111 348 3178 est,'
366 3109 403 3165 ib.
422 3125 447 3178 3.
467 3125 501 3176 24
520 3109 703 3180 ‘(Augustus)
719 3099 862 3166 adulteros
879 3121 971 3166 morte
990 3123 1038 3166 aut
1057 3115 1124 3182 suga
1142 3113 1260 3183 punivit,

110 3212 176 3250 suas
195 3194 256 3264 ipse
274 3195 351 3262 leges
370 3193 550 3262 egrediens:'
569 3193 606 3248 ib.
619 3208 645 3259 4.
658 3209 701 3261 42.
738 3195 795 3248 For
813 3195 893 3248 these
908 3193 994 3250 death
1013 3211 1070 3250 was
1089 3196 1260 3251 substituted

110 3279 148 3346 by
161 3275 355 3346 Constantine,
369 3275 438 3331 Cod.
452 3290 478 3345 9.
491 3291 516 3344 9.
530 3291 572 3344 30.
590 3291 599 3330 1
615 3296 622 3342 ;
642 3275 662 3330 it
679 3293 772 3330 seems
789 3277 899 3345 usually
911 3285 941 3330 to
959 3276 1031 3331 have
1048 3277 1121 3332 been
1134 3277 1259 3334 inflicted

110 3377 146 3414 on
169 3361 216 3416 the
236 3376 347 3414 woman
368 3376 400 3413 as
423 3359 493 3428 well,
516 3358 662 3414 ‘adulterii
683 3359 909 3414 damnatam...
925 3359 948 3414 si
967 3375 1089 3430 poenam
1108 3360 1259 3432 capitalem

108 3443 243 3500 evaserit'
257 3443 329 3500 Cod.
342 3458 368 3513 9.
379 3458 403 3513 9.
418 3457 443 3513 9.

144 3528 296 3600 ‘Stuprum
314 3525 473 3597 committit,
493 3526 540 3598 qui
566 3525 685 3581 liberam
710 3523 857 3580 mulierem
879 3525 1090 3581 consuetudinis
1109 3543 1196 3583 causa
1209 3568 1215 3584 .
1227 3567 1258 3587 ..

108 3612 248 3668 continet’
261 3611 328 3682 Dig.
340 3611 384 3678 48.
398 3623 423 3681 5.
436 3625 479 3680 34.
493 3627 532 3681 pr.
581 3608 714 3680 Corporis
728 3607 861 3663 coercitio
875 3609 899 3664 is
913 3609 1070 3666 illustrated
1084 3609 1122 3680 by
1136 3611 1200 3682 Dig.
1214 3615 1258 3680 48.

111 3711 151 3765 19.
164 3696 190 3751 6.
208 3711 224 3750 2
244 3695 344 3750 ‘veluti
369 3693 486 3750 fustium
510 3693 676 3763 admonitio,
701 3693 876 3762 flagellorum
902 3691 1059 3764 castigatio,
1083 3693 1257 3752 vinculorum

108 3778 283 3834 verberatio!
616 3796 620 3806 ·

144 3861 202 3933 55,
220 3863 283 3917 The
301 3863 345 3917 lex
364 3861 495 3918 Cornelia
514 3862 550 3918 de
568 3860 676 3917 sicariis
694 3869 722 3916 et
741 3859 874 3915 veneficis
890 3858 968 3930 (Dig.
982 3861 1025 3927 48.
1041 3861 1067 3930 5)
1082 3880 1139 3918 was
1152 3865 1256 3934 passed

107 3950 146 4018 by
160 3949 237 4003 Sulla
250 3947 278 4002 in
291 3949 339 4002 the
352 3948 411 4002 first
424 3965 456 4002 or
468 3947 573 4001 second
586 3963 653 4015 year
665 3945 698 4000 of
707 3944 750 4000 his
764 3943 958 4015 dictatorship,
971 3945 1036 4000 circ.
1050 3947 1081 4000 81
1098 3959 1155 4002 tae
1193 3951 1257 4004 The

109 4033 212 4101 charge
228 4047 265 4085 on
282 4029 373 4084 which
392 4029 512 4084 Roscius
530 4027 680 4082 Amerinus
699 4043 755 4082 was
774 4027 915 4082 defended
933 4027 971 4097 by
985 4028 1084 4083 Cicero
1097 4047 1153 4084 was
1166 4031 1256 4088 based

108 4132 185 4186 upon
203 4114 239 4169 its
257 4112 423 4184 provisions.
469 4113 510 4166 Its
529 4109 667 4181 penalties
690 4127 761 4166 were
783 4127 874 4180 aquae
894 4120 923 4166 et
945 4111 1017 4181 ignis
1039 4110 1207 4183 interdictio,
1226 4126 1256 4170 to

108 4199 199 4254 which
211 4198 301 4268 Julius
316 4199 421 4252 Caesar
436 4195 531 4250 added
549 4194 699 4262 forfaiture,
714 4193 779 4262 Dig.
792 4195 836 4260 48.
850 4195 875 4248 8.
889 4209 913 4262 3.
929 4207 952 4264 5,
965 4195 1015 4250 but
1031 4193 1059 4248 in
1076 4211 1162 4264 many
1174 4215 1255 4253 cases

108 4283 193 4338 death
207 4299 264 4336 was
282 4279 425 4346 inflicted;
442 4279 508 4334 ‘sed
524 4279 615 4333 solent
632 4277 717 4332 hodie
730 4276 822 4346 capite
834 4277 933 4348 puniri,
951 4278 1005 4334 nisi
1018 4278 1179 4334 honestiore
1193 4281 1255 4335 loco

107 4365 192 4438 positi
205 4365 315 4436 fuerint,
329 4373 359 4419 ut
372 4379 494 4434 poenam
507 4361 577 4432 legis
591 4361 763 4416 sustineant’
777 4360 841 4430 Dig.
855 4361 907 4417 loc
922 4362 966 4418 cit.

144 4451 206 4506 The
219 4449 361 4506 reference
374 4457 404 4504 to
417 4447 578 4518 Xenophon
590 4444 614 4501 is
627 4454 657 4500 to
670 4443 762 4500 Anab.
777 4455 800 4515 5.
814 4459 837 4498 2.
855 4458 894 4511 ι4.
