3166 5022
247 303 308 370 192
449 294 552 350 INST
551 293 598 348 IT
601 293 657 350 UT
654 292 800 349 IONUM
817 292 937 348 LIBRI
956 291 1191 363 QUATTUOR.
1283 292 1349 359 [Lib.
1360 299 1393 348 11.

244 479 353 540 neque
381 457 469 522 enirn
499 456 672 522 inundatio
702 455 845 540 speciem
874 454 967 547 fundi
996 464 1180 520 commutat
1210 462 1244 519 et
1272 455 1317 520 ob
1347 455 1391 531 id,

245 562 272 626 si
295 563 464 628 recesserit
478 581 574 646 aqua,
589 561 700 645 palam
724 569 775 626 est
797 580 873 624 eum
896 559 1035 624 fundum
1057 560 1126 624 eius
1141 579 1285 639 manere,
1300 560 1393 624 cuius

245 673 279 728 et
294 664 367 730 fuit.

197 785 234 840 25
290 767 375 832 Cum
398 791 442 834 ex
465 769 573 834 aliena
595 767 734 833 materia
757 767 884 850 species
905 765 1017 850 aliqua
1036 766 1125 832 facta
1144 767 1187 830 sit
1207 767 1251 831 ab
1270 767 1392 850 aliquo,

245 875 359 955 quaeri
382 873 475 952 solet,
489 873 564 956 quis
585 891 700 937 eorum
723 869 865 936 naturali
888 871 1014 936 ratione
1036 871 1191 934 dominus
1213 871 1265 948 sit,
1281 882 1391 936 utrum

246 977 274 1040 is
296 977 353 1060 qui
379 977 502 1054 fecerit,
527 997 570 1042 an
597 975 652 1042 ille
681 975 793 1058 potius
823 974 880 1056 qui
908 973 1065 1040 materiae
1095 975 1248 1039 dominus
1276 975 1391 1040 fuerit:

246 1089 284 1144 ut
310 1099 387 1146 ecce
412 1082 439 1144 si
461 1081 535 1164 quis
562 1101 607 1144 ex
632 1079 748 1144 alienis
774 1079 846 1144 uvis
868 1087 927 1144 aut
956 1078 1050 1142 olivis
1073 1087 1132 1144 aut
1156 1079 1254 1162 spicis
1278 1081 1392 1143 vinum

245 1191 305 1248 aut
318 1183 428 1248 oleum
449 1195 508 1250 aut
529 1183 732 1248 fnrmentum
755 1181 877 1260 fecerit,
892 1190 951 1246 aut
973 1203 1017 1248 err
1038 1183 1146 1246 alieno
1164 1203 1244 1247 auro
1266 1183 1319 1246 vel
1340 1203 1393 1246 ar·

245 1295 347 1369 gento
361 1287 415 1351 vel
429 1305 506 1352 aere
519 1307 578 1351 vas
599 1285 735 1369 aliquod
751 1285 872 1362 fecerit,
890 1285 943 1350 vel
961 1306 1005 1350 ex
1027 1287 1137 1350 alieno
1151 1287 1228 1350 vino
1245 1295 1279 1350 et
1294 1285 1393 1350 melle

246 1389 390 1454 mulsum
413 1391 586 1466 miscuerit,
611 1389 730 1454 velex
755 1389 871 1454 alienis
900 1391 1151 1454 medicamentis
1177 1390 1393 1472 emplastrum

246 1504 305 1558 aut
328 1493 501 1574 collyrium
527 1494 758 1576 composuerit,
779 1491 833 1556 vel
858 1512 903 1566 ex
926 1492 1034 1558 aliena
1059 1492 1137 1556 lana
1157 1493 1393 1557 vestimentum

245 1595 368 1675 fecerit,
382 1596 434 1660 vel
455 1617 499 1660 ex
517 1595 631 1660 alienis
651 1595 774 1660 tabulis
794 1615 914 1659 navem
928 1595 983 1660 vel
1002 1597 1179 1660 armarium
1196 1596 1248 1660 vel
1267 1596 1394 1662 subsel-

245 1699 327 1764 lium
344 1699 558 1765 fabricaverit
589 1709 714 1784 etpost
730 1698 852 1764 multas
865 1697 1118 1764 Sabinianorum
1134 1708 1168 1764 et
1184 1699 1394 1764 Proculiano-

246 1823 318 1866 rum
330 1803 564 1886 ambiguitates
576 1803 699 1887 placuit
714 1802 824 1866 media
839 1803 1005 1868 sententia
1021 1803 1294 1878 existimantium,
1311 1804 1338 1866 si
1354 1823 1394 1866 ea

247 1907 374 1988 species
395 1907 438 1971 ad
462 1907 635 1972 materiam
658 1907 770 1970 reduci
786 1906 900 1989 possit,
914 1926 990 1974 eum
1005 1906 1108 1970 videri
1124 1907 1296 1970 dominum
1313 1926 1394 1986 esse,

246 2011 304 2092 qui
320 2011 478 2076 materiae
494 2011 648 2074 dominus
664 2009 780 2088 fuerat,
800 2009 827 2074 si
848 2029 915 2074 non
932 2009 1040 2093 possit
1056 2010 1176 2084 reduci,
1193 2031 1269 2074 eum
1283 2010 1394 2093 potius

245 2112 392 2197 intellegi
414 2113 586 2177 dominum
609 2115 666 2196 qui
689 2113 820 2178 fecerit:
844 2123 882 2178 ut
905 2134 982 2179 ecce
996 2135 1056 2178 vas
1079 2111 1261 2177 conflatum
1284 2121 1395 2196 potest

244 2218 288 2281 ad
314 2219 431 2282 rudem
455 2238 600 2282 massam
626 2218 710 2282 aeris
734 2215 787 2282 vel
811 2218 939 2298 argenti
963 2215 1016 2281 vel
1039 2217 1110 2282 auri
1135 2217 1256 2295 reduci,
1280 2217 1394 2280 vinum

245 2330 358 2385 autem
380 2331 440 2386 aut
461 2321 573 2385 oleum
593 2331 652 2385 aut
668 2319 869 2384 frumentum
887 2321 930 2386 ad
950 2341 1030 2384 uvas
1052 2329 1088 2386 et
1109 2319 1213 2386 olivas
1233 2329 1267 2384 et
1287 2321 1395 2403 spicas

246 2426 364 2489 reverti
381 2445 447 2488 non
463 2433 573 2508 potest
588 2444 627 2488 ac
649 2444 691 2488 ne
707 2423 850 2488 mulsum
866 2424 1001 2506 quidem
1022 2425 1065 2489 ad
1085 2425 1199 2488 vinum
1215 2432 1249 2488 et
1264 2425 1330 2488 mel
1346 2444 1396 2487 re·

245 2525 327 2592 solvi
350 2535 471 2610 potest.
501 2527 619 2610 quodsi
642 2529 762 2610 partim
779 2548 823 2591 ex
838 2547 898 2592 sua
917 2529 1063 2603 materia,
1079 2527 1200 2611 partim
1221 2548 1266 2592 ex
1287 2526 1396 2591 aliena

233 2623 388 2712 'speciem
404 2630 550 2712 aliquam
566 2629 680 2695 fecerit
696 2631 846 2714 quisque,
862 2629 967 2696 veluti
989 2653 1033 2696 ex
1053 2652 1114 2696 suo
1134 2633 1211 2696 vino
1231 2641 1266 2696 et
1285 2631 1395 2696 alieno

245 2731 344 2796 melle
360 2732 504 2796 mulsum
520 2743 578 2798 aut
593 2754 637 2796 ex
653 2735 722 2800 suis
737 2743 772 2798 et
786 2734 904 2800 alienis
916 2735 1167 2800 medicamentis
1178 2734 1395 2818 emplastrum

244 2846 304 2900 aut
318 2835 493 2918 collyrium
512 2845 571 2900 aut
592 2859 637 2901 ex
659 2857 719 2902 sua
740 2847 774 2902 et
795 2838 903 2902 aliena
925 2837 1001 2904 lana
1018 2840 1254 2904 vestimentum
1271 2837 1394 2914 fecerit,

244 2939 466 3004 dubitandum
482 2959 548 3004 non
563 2949 615 3006 est
630 2939 693 3005 hoc
708 2960 786 3006 casu
803 2961 879 3006 eum
899 2959 971 3008 esse
991 2942 1164 3006 dominum
1188 2942 1244 3024 qui
1259 2941 1395 3006 fecerit:

244 3063 321 3108 cum
344 3062 411 3107 non
434 3041 541 3108 solum
564 3063 699 3126 operam
722 3065 817 3110 suam
841 3043 944 3124 dedit,
959 3047 1016 3110 sed
1041 3055 1075 3109 et
1095 3055 1224 3130 partem
1247 3045 1395 3110 eiusdem

280 3245 295 3318 ξ
309 3249 358 3302 25.
379 3247 405 3301 lt
418 3243 442 3301 is
455 3245 535 3301 usual
550 3257 580 3301 to
596 3255 769 3316 enumerate,
781 3263 813 3302 as
826 3264 844 3302 a
856 3246 932 3303 third
951 3249 1062 3304 naturai
1074 3248 1159 3305 mode
1176 3248 1209 3304 of
1217 3247 1395 3320 acquisition,

244 3329 425 3402 specificatio,
444 3328 680 3399 the'converting
698 3329 731 3383 of
751 3330 891 3386 another's
916 3331 1045 3387 material
1066 3329 1126 3388 into
1147 3349 1165 3387 a
1185 3349 1248 3387 new
1268 3331 1342 3386 form
1364 3347 1396 3386 or

244 3413 386 3485 ‘species’
396 3429 427 3468 as
441 3411 470 3466 in
483 3413 531 3467 the
543 3411 726 3468 illustratione
739 3413 823 3483 given
835 3414 864 3468 in
881 3415 929 3470 tbe
941 3425 1009 3471 text.
1034 3416 1097 3472 The
1111 3415 1275 3470 Proculians
1287 3414 1395 3485 argued

243 3499 293 3553 the
305 3513 371 3552 case
383 3513 420 3550 on
434 3496 482 3550 the
494 3497 616 3565 analogy
628 3496 659 3550 of
669 3497 828 3567 occupatio,
840 3497 898 3552 and
910 3498 1049 3569 regarded
1061 3499 1110 3554 the
1126 3499 1206 3570 giver
1217 3499 1251 3553 of
1258 3499 1306 3553 the
1323 3497 1395 3554 form

244 3597 277 3634 as
295 3581 344 3634 the
356 3595 451 3632 owner
462 3579 496 3632 of
510 3580 558 3632 the
570 3579 709 3650 product;
727 3580 828 3636 aview
843 3581 934 3637 which
953 3599 1047 3638 seems
1066 3593 1096 3638 to
1114 3583 1188 3639 bave
1206 3581 1397 3638 commended

245 3661 324 3716 itself
331 3669 362 3714 to
376 3659 482 3729 Ulpian
496 3659 516 3730 (‘
524 3671 633 3716 mutata
645 3662 737 3717 forma
749 3679 837 3734 prope
851 3663 985 3720 interimit
1002 3665 1192 3722 substantiam
1204 3664 1259 3720 rei’
1272 3663 1338 3734 Dig.
1355 3679 1395 3720 ro.

244 3759 269 3811 4
283 3757 307 3812 u
321 3740 361 3810 3).
397 3743 460 3797 The
474 3743 625 3799 Sabinians
638 3743 746 3800 viewed
763 3745 829 3802 itas
841 3763 860 3802 a
871 3745 942 3802 kind
954 3749 987 3802 of
1001 3747 1136 3818 accessio,
1149 3748 1207 3804 and
1220 3746 1324 3803 denied
1340 3763 1397 3816 any

243 3826 365 3882 transfer
377 3825 409 3880 of
417 3827 585 3898 ownership,
599 3827 687 3884 Gaius
700 3827 728 3885 ii.
738 3843 782 3899 99.
818 3830 881 3884 The
894 3829 1090 3888 intennediate
1103 3829 1228 3902 opinion,
1240 3829 1397 3886 confirmed

243 3909 283 3978 by
294 3906 444 3979 Justinian,
458 3907 482 3962 is
494 3907 582 3964 found
595 3909 624 3964 in
638 3909 727 3966 Gaius
742 3911 821 3981 (Dig.
834 3927 877 3979 41.
891 3927 911 3966 1.
926 3912 982 3982 77),
996 3914 1100 3968 Paulus
1114 3913 1162 3983 (ib.
1177 3912 1233 3982 24),
1245 3913 1303 3968 aad
1315 3914 1398 3968 other

241 3991 347 4064 jurists.
386 3992 420 4046 In
438 3991 588 4062 Justinian,
601 3995 1022 4074 consequently,specification
1040 4013 1073 4052 as
1091 4013 1109 4052 a
1126 3997 1212 4052 mode
1230 3996 1264 4050 of
1276 3995 1397 4067 acquisi-

244 4075 304 4131 tion
318 4091 417 4130 occurs
430 4077 497 4145 only
509 4077 590 4130 when
604 4075 655 4132 ‘ea
667 4077 778 4148 species
790 4078 828 4132 ad
841 4078 990 4134 materiam
1002 4079 1099 4134 reduci
1112 4096 1170 4135 non
1182 4078 1289 4150 possit’
1301 4079 1359 4134 and
1372 4078 1397 4134 is

245 4159 333 4228 really
345 4175 363 4212 a
374 4158 446 4213 form
466 4158 499 4213 of
512 4159 670 4230 occupatio,
688 4177 720 4214 as
739 4177 860 4231 appears
879 4161 951 4216 from
970 4163 1018 4218 the
1036 4161 1128 4216 words
1146 4161 1179 4216 of
1195 4161 1302 4232 Ulpian
1320 4160 1397 4216 cited

246 4242 345 4310 above,
359 4241 416 4296 and
433 4242 481 4296 the
493 4241 656 4312 expression
674 4243 703 4297 in
716 4243 765 4298 the
783 4241 885 4313 Digest
898 4241 992 4314 ‘quod
1011 4243 1116 4299 factum
1134 4253 1178 4300 est
1191 4254 1276 4298 antea
1293 4243 1397 4298 nullius

245 4323 353 4378 fuerat'
389 4323 431 4378 Of
446 4340 546 4379 course
564 4326 612 4380 the
629 4325 708 4394 givet
729 4325 761 4380 of
778 4325 827 4381 the
848 4325 920 4380 form
942 4327 1000 4382 had
1022 4327 1051 4381 in
1070 4328 1107 4382 all
1124 4343 1206 4382 cases
1224 4337 1255 4381 to
1274 4343 1329 4396 pay
1347 4327 1397 4382 the

246 4421 341 4460 owner
353 4405 386 4460 of
400 4407 448 4461 the
467 4407 594 4462 material
613 4407 649 4464 its
661 4409 711 4464 full
723 4410 814 4480 value,
827 4426 864 4465 on
877 4409 926 4466 the
944 4409 1081 4482 principle
1095 4409 1254 4466 ‘neminem
1273 4425 1339 4465 cum
1356 4410 1396 4464 al-
