3112 5016
228 306 325 377 rap]
596 304 656 358 ns
676 304 791 360 asos
811 304 999 376 nontam.
1146 349 1148 352 .
1312 301 1374 380 517

227 471 349 552 poterit
371 469 443 534 sola
466 469 552 551 rupti
575 468 755 552 appellatio
779 470 811 532 in
832 489 948 533 omnes
969 469 1048 534 istas
1069 489 1184 533 causas
1207 469 1374 533 sufficere:

227 584 360 656 ruptum
377 574 464 637 enim
480 573 689 654 intellegitur,
704 593 838 656 quoquo
860 573 959 638 modo
975 583 1164 655 corruptum
1184 581 1242 636 est.
1287 574 1376 637 unde

227 698 292 741 non
313 677 420 741 solum
437 687 511 740 usta
530 687 587 740 aut
602 676 714 755 fracta,
730 679 789 741 sed
805 676 905 741 etiam
920 677 1020 740 scissa
1038 687 1072 741 et
1091 675 1203 762 collisa
1218 686 1252 740 et
1271 675 1375 740 effusa

226 791 260 845 et
282 801 416 863 quoquo
441 781 542 844 modo
565 789 737 863 perempta
760 791 862 864 atque
883 782 1047 845 deteriora
1073 779 1161 844 facta
1186 778 1249 844 hoc
1272 779 1374 842 verbo

185 883 188 888 “
225 886 450 949 continentur:
473 885 616 966 denique
633 904 828 966 responsum
845 893 905 959 est,
921 885 948 946 si
964 885 1037 966 quis
1053 883 1086 946 in
1101 883 1245 946 alienum
1260 883 1374 945 vinum

225 998 283 1052 aut
298 988 408 1052 oleum
424 989 457 1052 id
474 989 653 1062 immiserit,
669 1008 736 1070 quo
753 988 909 1051 naturalis
924 987 1056 1051 bonitas
1070 986 1136 1050 vini
1151 985 1204 1050 vel
1223 985 1287 1050 olei
1303 1005 1374 1049 cor-

225 1103 438 1174 rumperetur,
459 1113 503 1155 ex
521 1089 583 1154 hac
605 1101 698 1173 parte
719 1091 801 1173 legis
822 1111 896 1154 eum
916 1091 1030 1156 teneri.
1076 1089 1163 1153 Illud
1182 1089 1292 1172 palam
1314 1099 1373 1168 est,
1388 1097 1422 1152 14

224 1196 308 1260 sicut
328 1217 372 1260 ex
391 1195 498 1279 primo
519 1195 628 1277 capite
648 1196 695 1258 ita
713 1195 850 1258 demum
865 1197 1005 1278 quisque
1021 1203 1160 1270 tenetur,
1177 1193 1204 1256 si
1222 1192 1300 1256 dolo
1316 1203 1374 1259 aut

225 1299 321 1381 culpa
337 1301 407 1363 eius
427 1299 529 1363 homo
551 1309 610 1362 aut
630 1299 819 1381 quadrupes
839 1300 965 1362 occisus
981 1299 1129 1362 occisave
1144 1296 1251 1372 fuerit,
1267 1297 1313 1360 ita
1329 1316 1374 1362 ex

223 1401 286 1467 hoc
302 1405 411 1486 capite
427 1424 471 1466 ex
487 1401 565 1466 dolo
580 1412 637 1465 aut
653 1401 749 1484 culpa
765 1404 807 1466 de
822 1411 932 1466 cetero
943 1403 1066 1466 damno
1077 1421 1243 1484 quemque
1258 1401 1372 1463 teneri.

223 1505 286 1570 hoc
302 1516 415 1570 tamen
431 1507 540 1588 capite
555 1525 621 1569 non
636 1507 751 1588 quanti
768 1508 800 1569 in
824 1527 865 1570 eo
887 1525 983 1584 ann0,
1000 1507 1059 1570 sed
1075 1505 1190 1588 quanti
1206 1504 1240 1567 in
1255 1504 1372 1567 diebus

223 1611 358 1692 triginta
376 1611 537 1693 proximis
556 1629 607 1672 res
624 1608 729 1688 suerit,
745 1609 911 1692 obligatur
929 1610 955 1673 is
976 1611 1033 1693 qui
1053 1609 1212 1672 damnum
1233 1607 1371 1671 dederit.

223 1713 277 1778 Ac
302 1735 343 1777 ne
365 1713 497 1797 plurimi
521 1715 655 1796 quidem
680 1703 818 1777 verbum
843 1713 990 1778 adicitur.
1045 1713 1104 1776 sed
1132 1710 1257 1776 Sabino
1283 1719 1372 1775 recte
1387 1693 1420 1772 l5

223 1817 346 1899 placuit
376 1817 512 1899 perinde
539 1817 728 1880 habendam
752 1817 1027 1893 aestimationem,
1054 1835 1093 1880 ac
1123 1817 1150 1878 si
1176 1815 1277 1879 etiam
1310 1813 1371 1878 hac

223 1931 317 2003 parte
327 1921 457 2003 plurimi
467 1919 605 1984 verbum
615 1921 782 1984 adiectum
792 1921 922 1986 fuisset:
941 1941 1018 1984 narn
1029 1919 1161 2002 plebem
1173 1919 1372 1996 Romanam,

222 2045 308 2107 quae
317 2023 455 2106 Aquilio
465 2023 598 2088 tribuno
607 2033 744 2107 rogante
753 2023 838 2088 hanc
848 2024 957 2108 legem
967 2023 1051 2098 tulit,
1063 2031 1252 2088 contentam
1262 2020 1371 2100 fuisse,

222 2130 312 2211 quod
328 2130 434 2210 prima
450 2137 544 2210 parte
560 2148 601 2191 eo
615 2129 716 2192 verbo
736 2149 795 2192 usa
813 2139 871 2193 est.

267 2231 422 2296 Ceterum
444 2231 567 2314 placuit
589 2232 635 2296 ita
657 2233 791 2296 demum
813 2254 857 2297 ex
877 2231 940 2296 hac
962 2231 1036 2315 lege
1058 2229 1223 2294 actionem
1246 2247 1326 2302 esse,
1343 2226 1369 2292 si
1386 2243 1419 2298 16
1444 2273 1448 2282 ·

221 2336 295 2417 quis
311 2337 485 2418 praecipue
500 2355 635 2418 corpore
652 2355 711 2399 suo
727 2335 886 2400 damnum
898 2335 1037 2399 dederit.
1078 2333 1219 2416 ideoque
1234 2333 1268 2394 in
1284 2351 1369 2406 eum,

221 2441 277 2522 qui
300 2440 366 2504 alio
389 2440 490 2504 modo
514 2441 673 2504 damnum
697 2441 834 2518 dederit,
856 2439 953 2503 utiles
980 2438 1127 2502 actiones
1151 2437 1221 2500 dari
1243 2434 1369 2498 solent:

221 2543 324 2607 veluti
347 2545 374 2607 si
399 2544 472 2626 quis
496 2543 665 2606 hominem
691 2544 835 2608 alienum
858 2553 916 2607 aut
939 2562 1040 2625 pecus
1066 2541 1113 2606 ita
1136 2537 1310 2617 incluserit,
1334 2547 1371 2602 ut

221 2645 309 2710 iame
340 2657 518 2726 necaretur,
547 2656 605 2711 aut
636 2648 820 2712 iumentum
850 2657 921 2712 tam
951 2646 1165 2710 vehementer
1194 2642 1306 2725 egerit,
1334 2651 1371 2704 ut

220 2762 435 2834 rumperetur,
466 2760 524 2814 aut
559 2771 659 2833 pecus
689 2751 722 2814 in
752 2761 882 2816 tantum
918 2749 1147 2834 exagitaverit,
1179 2757 1214 2810 ut
1244 2746 1369 2828 praeci·

220 2856 388 2936 pitaretur,
404 2863 461 2917 aut
485 2856 511 2917 si
533 2858 606 2936 quis
629 2853 737 2918 alieno
759 2875 852 2919 servo
876 2854 1080 2937 persuaserit,
1102 2860 1139 2914 ut
1161 2852 1194 2914 in
1217 2851 1370 2912 arborem

220 2959 414 3022 ascenderet
436 2957 488 3020 vel
512 2957 546 3020 in
570 2967 708 3040 puteum
727 2959 950 3036 descenderet,
973 2967 1007 3021 et
1031 2959 1058 3020 is
1086 2953 1293 3020 ascendendo
1318 2951 1370 3015 vel

220 3061 452 3124 descendendo
482 3071 540 3123 aut
570 3071 719 3124 mortuus
748 3060 846 3124 suerit
876 3069 935 3124 aut
961 3061 1072 3142 aliqua
1102 3067 1197 3141 parte
1227 3055 1371 3138 corporis

220 3161 329 3226 laesus
352 3164 421 3240 erit,
446 3163 535 3225 utilis
566 3163 599 3226 in
626 3183 701 3226 eum
732 3165 819 3228 actio
842 3164 949 3226 datur.
994 3163 1053 3226 sed
1077 3163 1108 3224 si
1127 3161 1200 3243 quis
1225 3159 1369 3222 alienum

220 3286 351 3329 servum
367 3267 409 3329 de
430 3277 531 3348 ponte
551 3275 609 3329 aut
628 3267 698 3348 ripa
721 3266 754 3328 in
777 3265 900 3329 flumen
919 3265 1074 3329 deiecerit
1093 3273 1126 3328 et
1147 3265 1174 3326 is
1193 3261 1370 3324 suffocatus

220 3369 325 3442 suerit,
350 3375 389 3432 eo
414 3369 502 3452 quod
527 3369 699 3451 proiecerit
723 3389 859 3451 corpore
886 3391 945 3432 suo
970 3370 1128 3432 damnum
1151 3365 1282 3430 dedisse
1304 3383 1370 3426 non

219 3472 394 3537 difficiliter
416 3471 563 3553 intellegi
584 3473 706 3555 poterit
724 3473 866 3556 ideoque
886 3473 958 3554 ipsa
981 3471 1055 3554 lege
1070 3469 1207 3553 Aquilia
1229 3476 1369 3532 tenetur.

218 3579 277 3641 sed
293 3577 320 3640 si
337 3598 403 3641 non
419 3596 555 3659 corpore
567 3577 726 3640 damnum
743 3577 839 3641 fuerit
855 3576 971 3641 datum
988 3595 1094 3657 neque
1109 3593 1227 3655 corpus
1241 3572 1369 3636 laesum

219 3824 337 3892 occisos,
348 3825 371 3879 si
385 3824 448 3895 quis
461 3825 540 3881 alten'
556 3825 692 3881 damnum
705 3825 781 3895 laxit,
795 3825 872 3896 quod
884 3824 994 3894 usserit,
1007 3824 1128 3894 fregerit,
1141 3825 1246 3894 ruperit
1259 3823 1368 3893 iniuria,

219 3908 317 3978 quanti
332 3925 367 3962 ea
382 3925 427 3963 res
446 3909 498 3963 erit
518 3909 546 3963 in
565 3909 665 3964 diebus
684 3909 799 3979 triginta
817 3907 961 3980 proximis,
974 3919 1085 3963 tantum
1103 3925 1152 3963 aes
1171 3907 1288 3962 domino
1301 3907 1369 3962 dare

219 3991 339 4045 damnas
352 3993 428 4045 esto'
443 3992 507 4062 Dig.
520 4006 544 4061 9.
557 4007 580 4045 2.
592 4005 632 4059 27.
646 4005 668 4062 5.
707 3995 769 4047 The
782 3991 994 4062 interpretation
1009 3991 1041 4046 oi
1049 3991 1154 4061 ruperit
1166 3991 1205 4060 by
1214 3990 1368 4059 corruperit

219 4073 356 4144 (‘rupisse
367 4074 484 4128 verbum
497 4075 555 4128 iere
568 4091 668 4129 omnes
677 4085 786 4131 veteres
800 4075 841 4131 sic
854 4076 1057 4145 intellexerunt,
1068 4075 1241 4144 corrupisse’
1255 4074 1320 4142 Dig.
1329 4074 1368 4128 ib.

219 4171 261 4224 27.
278 4157 321 4226 13)
335 4157 457 4226 brought
471 4158 507 4210 all
521 4157 642 4227 damage
656 4159 761 4214 caused
773 4161 812 4230 by
825 4159 988 4215 immediate
1005 4158 1133 4229 physical
1146 4166 1258 4212 contact
1271 4156 1337 4210 with
1351 4173 1369 4212 a

218 4259 264 4296 res
277 4241 370 4296 aliena
383 4241 531 4310 (damnum
548 4258 666 4311 corpore
684 4243 793 4313 corpori
812 4243 919 4310 datum,
933 4243 999 4313 Dig.
1012 4243 1048 4298 ib.
1064 4257 1106 4310 27.
1122 4256 1153 4310 13
1166 4257 1217 4311 sq,
1231 4237 1245 4310 §
1263 4238 1295 4294 16
1307 4238 1367 4307 ini.)

218 4324 314 4379 within
328 4325 375 4379 the
389 4335 476 4379 terms
489 4325 522 4378 oi
530 4325 578 4380 the
592 4335 704 4381 stamte.

255 4405 269 4481 §
284 4411 330 4464 16.
352 4410 409 4464 For
427 4407 554 4464 actiones
572 4407 601 4463 in
620 4409 726 4465 factum
743 4408 771 4463 in
784 4410 898 4479 general
910 4425 959 4466 see
971 4408 1128 4465 references
1141 4416 1171 4462 to
1184 4407 1326 4460 Excursus
1340 4405 1367 4459 X
