3176 5022
220 371 334 437 Titio]
365 369 426 427 DE
447 369 758 444 ADQUJSITIONE
780 371 864 426 PER
885 370 1240 430 ADROGATIONEM.
1307 375 1369 449 371

219 535 247 600 si
273 537 482 603 admittentis
508 558 583 602 eam
615 538 772 602 indicium
802 538 888 604 intra
921 547 1048 603 statuta
1077 549 1189 605 tamen
1219 547 1372 620 tempora

220 641 409 722 ostenderit,
425 641 561 725 plenum
576 641 700 706 habeat
715 661 827 706 earum
843 642 1052 708 beneficium.

777 879 819 944 X.

405 1057 459 1107 na
481 1056 753 1122 Anoursrmomr
776 1057 846 1108 ana
868 1057 1180 1109 nnnoenrrouaw.

265 1207 328 1272 Est
352 1217 386 1272 et
414 1207 548 1273 alterius
578 1207 708 1291 generis
733 1227 794 1290 per
814 1207 1061 1272 universitatem
1088 1209 1259 1288 successio,
1286 1229 1372 1291 quae

220 1331 328 1394 neque
349 1312 424 1395 lege
446 1313 620 1378 duodecim
643 1312 831 1377 tabularum
855 1333 963 1394 neque
987 1315 1147 1394 praetoris
1172 1313 1290 1389 edict0,
1312 1313 1370 1377 sed

221 1437 261 1479 eo
285 1416 364 1491 iure,
389 1415 478 1498 quod
504 1436 663 1481 consensu
689 1425 859 1498 receptum
885 1425 944 1492 est,
968 1416 1155 1480 introducta
1178 1425 1238 1480 est·
1283 1417 1401 1481 Eccel

221 1519 310 1582 enim
326 1540 401 1584 cum
417 1530 512 1603 pater
527 1520 669 1584 familias
688 1540 761 1583 sese
784 1521 817 1582 in
837 1519 1085 1603 adrogationem
1107 1519 1175 1598 dat,
1191 1540 1306 1583 omnes
1321 1541 1372 1584 res

221 1625 291 1688 eius
306 1623 491 1706 corporales
506 1635 540 1688 et
561 1623 782 1706 incorporales
803 1643 953 1707 quaeque
976 1624 1005 1687 ei
1027 1623 1162 1688 debitae
1184 1633 1261 1689 sunt
1276 1626 1372 1688 adro·

220 1728 327 1811 gatori
353 1737 432 1792 ante
461 1728 596 1810 quidem
622 1728 722 1812 pleno
748 1728 818 1791 iure
844 1727 1113 1810 adquirebantur,
1139 1729 1292 1811 exceptis
1322 1729 1373 1791 his

221 1852 306 1913 quae
327 1853 386 1914 per
402 1833 519 1914 capitis
537 1832 798 1896 deminutionem
814 1841 953 1914 pereunt
973 1831 1087 1914 quales
1107 1841 1184 1896 sunt
1199 1853 1372 1916 operarum

221 1935 441 2018 obligationes
461 1943 496 2001 et
519 1935 568 2000 ius
591 1935 811 2020 adgnationis.
855 1957 934 2000 usus
949 1936 1072 2000 etenim
1096 1945 1129 1999 et
1148 1936 1373 2014 ususfructus,

221 2037 298 2103 licet
313 2037 364 2102 his
384 2047 483 2104 antea
498 2040 829 2113 connumerabantur,
845 2047 994 2102 attamen
1015 2039 1131 2120 capitis
1147 2039 1373 2103 deminutione

221 2142 358 2206 minima
381 2163 437 2206 eos
463 2143 535 2207 tolli
558 2153 671 2208 nostra
695 2142 863 2226 prohibuit
890 2141 1092 2206 constitutio.
1137 2142 1235 2207 Nunc
1259 2150 1403 2207 autem2

219 2359 310 2430 gradu
323 2359 437 2430 reliquis
449 2370 667 2430 praeponantur.
699 2359 728 2415 Si
739 2368 834 2414 autem
847 2358 959 2429 plurimi
970 2359 1097 2414 eiusdem
1110 2359 1214 2428 gradus
1228 2357 1373 2415 invenian-

221 2453 273 2511 tur,
287 2443 443 2498 secundum
461 2460 646 2513 personarum
662 2459 811 2497 numerum
824 2442 897 2497 inter
909 2459 959 2498 eos
975 2441 1119 2498 hereditas
1133 2441 1282 2512 dividatur,
1296 2441 1371 2514 quod

221 2525 250 2579 in
264 2525 358 2596 capita
369 2537 483 2580 nostrae
496 2528 573 2596 leges
586 2528 745 2597 appellant’
758 2528 831 2581 Nov.
850 2527 907 2582 118.
921 2541 944 2595 3.
962 2541 982 2582 1.

257 2608 352 2666 These
364 2612 439 2664 rules
452 2609 526 2665 have
538 2610 611 2664 been
624 2609 812 2664 summarised
825 2609 854 2664 in
867 2611 916 2666 the
929 2609 1072 2681 following
1084 2609 1231 2665 memorial
1244 2609 1333 2666 lines:

399 2718 586 2775 Descendens
605 2718 697 2773 omnis
716 2717 842 2774 succedit
861 2717 890 2774 in
909 2719 1008 2776 ordine
1027 2719 1137 2791 primo:

398 2802 566 2857 Ascendens
585 2801 708 2872 propior,
726 2819 887 2872 germanus,
908 2802 980 2857 lilius
1000 2801 1078 2858 eius:

398 2887 480 2940 Tunc
498 2886 586 2941 latere
603 2902 639 2940 ex
657 2903 715 2940 uno
733 2887 827 2954 frater,
847 2904 959 2958 quoque
978 2887 1051 2943 filius
1070 2887 1151 2944 eius:

399 2968 439 3024 Hi
459 2968 552 3023 cuncti
571 2969 600 3023 in
619 2968 720 3040 stirpes
740 2969 903 3038 succedunt,
923 2970 952 3025 in
971 2971 1065 3041 capita
1083 2982 1179 3027 autem

401 3051 492 3108 luncti
511 3053 708 3122 ascendentes,
727 3053 844 3108 fratrum
863 3055 956 3124 proles
976 3071 1088 3126 quoque
1107 3057 1176 3112 sola.

401 3135 533 3208 Denique
551 3135 705 3208 proximior
722 3136 894 3208 reliquorum
912 3137 1032 3209 quisque
1050 3147 1201 3208 superstes.

257 3244 459 3316 §11.Failing
483 3263 553 3302 even
580 3255 724 3316 cognates‚
744 3247 792 3301 the
814 3245 974 3317 praetorian
994 3246 1054 3301 rule
1072 3246 1105 3300 of
1119 3245 1162 3301 vir
1179 3255 1207 3301 et
1227 3263 1296 3302 uxor
1314 3265 1373 3303 was

220 3329 359 3386 followed.
398 3329 500 3385 Under
519 3329 626 3385 certain
652 3329 872 3385 circumstances
896 3329 1000 3385 indeed
1019 3347 1037 3385 a
1058 3329 1157 3384 widow
1175 3330 1232 3385 had
1251 3348 1269 3386 a
1287 3331 1372 3386 claim

221 3413 333 3482 against
348 3413 397 3468 the
415 3423 506 3468 estate
525 3414 557 3468 of
572 3415 623 3469 her
636 3413 776 3469 deceased
793 3413 934 3482 husband,
947 3431 1018 3468 even
1032 3415 1111 3468 when
1131 3415 1180 3468 the
1197 3415 1281 3470 latter
1292 3415 1340 3469 left
1354 3432 1373 3469 a

221 3497 284 3566 will,
297 3514 330 3551 or
342 3496 408 3552 died
421 3496 554 3552 intestate
570 3497 675 3567 having
693 3497 775 3553 other
791 3513 971 3552 successors:
991 3497 1009 3553 i.
1017 3513 1042 3552 e.
1056 3499 1137 3552 when
1156 3497 1207 3552 she
1220 3515 1278 3553 was
1293 3515 1372 3568 poor,

221 3582 278 3636 and
291 3580 348 3636 had
367 3597 404 3635 no
417 3580 478 3650 dos,
492 3580 543 3636 she
555 3597 613 3636 was
632 3581 750 3636 entitled
763 3591 792 3636 to
811 3581 934 3637 asourth
948 3581 981 3636 of
995 3582 1047 3636 her
1058 3581 1212 3636 husband’s
1231 3591 1372 3652 property,

220 3681 261 3734 or,
271 3663 296 3719 if
305 3665 383 3720 there
393 3681 465 3720 were
477 3680 556 3720 more
566 3664 635 3720 than
648 3665 728 3720 three
738 3663 894 3735 legitimate
907 3664 1034 3721 children
1044 3665 1114 3720 born
1125 3665 1158 3720 of
1166 3667 1215 3722 the
1224 3665 1373 3735 marriage,

220 3757 251 3806 to
263 3765 281 3803 a
293 3746 380 3803 virilis
393 3746 494 3818 portio,
509 3748 536 3800 N
539 3764 583 3802 ov.
600 3760 657 3814 117.
672 3759 695 3817 5.

256 3836 316 3887 '1¹1t.
327 3835 366 3886 X
388 3833 428 3886 So
446 3841 495 3886 too
514 3829 542 3884 in
563 3829 629 3900 Dig.
646 3845 668 3886 1.
681 3831 705 3886 6.
721 3832 737 3886 8
759 3830 852 3901 patria
870 3841 997 3903 potestas
1016 3832 1040 3886 is
1062 3831 1126 3887 said
1144 3841 1174 3888 to
1191 3833 1229 3889 be
1247 3831 1373 3888 moribus

220 3925 343 3986 recepta,
356 3913 413 3970 and
427 3913 455 3968 in
473 3913 511 3970 iii.
525 3915 559 3969 82
578 3913 667 3969 Gaius
686 3913 811 3970 ascribes
830 3916 878 3970 the
897 3917 1038 3971 universal
1056 3915 1219 3970 succession
1237 3915 1374 3985 resulting

219 3999 292 4054 from
306 3997 458 4053 conventio
470 3997 499 4052 in
512 4013 628 4052 manum
641 4006 671 4052 to
684 3999 732 4052 the
745 3997 788 4052 ius
802 3998 878 4068 quod
891 4015 1031 4054 consensu
1044 4009 1190 4069 receptum
1203 4007 1255 4052 est.

257 4084 310 4150 §L
330 4083 387 4154 lior
403 4081 452 4136 the
471 4079 626 4136 extinction
645 4081 678 4135 of
693 4097 760 4136 usus
779 4081 836 4136 and
849 4083 1025 4137 ususfructus
1043 4082 1082 4151 by
1094 4080 1196 4152 capitis
1215 4079 1374 4136 deminutio

220 4164 339 4220 minima
358 4181 406 4220 see
424 4181 451 4236 p.
465 4179 519 4219 210
530 4182 604 4235 supr.
643 4165 687 4235 By
704 4181 854 4234 operarum
875 4163 1062 4235 obligationes
1084 4181 1132 4219 are
1153 4173 1251 4220 meant
1269 4180 1373 4234 operae

219 4248 312 4305 liberti
331 4249 450 4304 secured
468 4249 506 4318 by
519 4247 682 4319 stipulation
701 4264 734 4302 or
752 4247 843 4302 iurata
862 4248 1020 4317 promissio,
1034 4247 1123 4302 Gaius
1137 4245 1174 4301 iii.
1189 4247 1243 4315 83:
1268 4263 1372 4317 operae

219 4349 365 4388 servorum
378 4331 438 4387 sive
450 4331 615 4387 animalium
628 4349 701 4387 were
719 4340 769 4386 not
782 4331 979 4400 extinguished
992 4331 1021 4384 in
1040 4330 1096 4386 this
1115 4345 1242 4400 manner,
1254 4339 1322 4386 note
1334 4346 1372 4384 ou

220 4415 275 4473 Bk.
287 4415 316 4470 ii.
331 4428 355 4486 5.
370 4427 384 4485 5
399 4432 494 4486 supr:
513 4416 547 4470 cs.
563 4415 628 4485 Dig.
642 4429 667 4481 4.
683 4427 707 4484 5.
724 4429 774 4482 103
793 4427 818 4482 7.
832 4427 856 4482 7.
870 4429 905 4482 23
924 4428 949 4480 7.
963 4415 988 4469 8.
1005 4428 1045 4468 ro.

256 4497 270 4572 ξ
285 4502 315 4556 2.
333 4500 411 4557 Over
423 4499 579 4557 castrensia
590 4498 649 4556 and
662 4498 743 4571 quasi
757 4497 913 4555 castrensia
924 4498 1001 4554 bona
1017 4497 1051 4553 of
1058 4497 1213 4570 adrogatus
1225 4497 1273 4553 the
1290 4495 1373 4553 adro-

751 4589 846 4656 aba
