3148 5024
182 301 298 370 Titia]
409 298 470 354 DE
490 297 717 355 EMPTIONE
738 298 799 353 ET
822 295 1096 356 VENDITIONE.
1263 309 1327 373 417

181 465 303 531 debere
323 483 359 530 se
381 463 555 548 scripserit,
571 463 661 548 quod
682 472 889 529 numeratum
911 463 941 529 ei
962 483 1028 528 non
1049 473 1107 542 est,
1129 465 1173 530 de
1192 465 1331 549 pecunia

182 567 319 634 minime
348 575 520 632 numerata
549 577 626 651 post
656 568 797 633 multum
827 569 986 650 temporis
1012 568 1243 652 exceptionem
1269 590 1329 653 op-

182 689 305 755 ponere
335 691 402 736 non
431 679 561 755 potest:
595 671 659 737 hoc
689 673 776 736 enim
807 671 998 753 saepissime
1024 673 1241 737 constitutum
1268 683 1329 738 est.

183 777 230 841 sic
246 777 295 853 fit,
311 785 347 840 ut
363 787 396 841 et
413 775 523 852 hodie,
540 775 621 840 dum
636 769 727 858 queri
749 795 815 839 non
835 783 955 858 potest,
971 768 1131 859 scriptura
1146 777 1329 860 obligetur:

184 889 218 944 et
241 901 347 945 exea
371 881 516 946 nascitur
535 875 708 955 condictio,
732 887 882 944 cessante
906 873 1031 944 scilicet
1052 881 1227 945 verborum
1248 881 1331 945 obli-

183 983 327 1066 gatione.
384 983 525 1048 multum
552 993 664 1048 autem
694 991 827 1066 tempus
853 982 886 1046 in
912 983 974 1048 hac
1005 985 1203 1066 exceptione
1232 993 1332 1050 antea

183 1088 321 1170 quidem
354 1108 398 1151 ex
433 1081 667 1171 principalibus
703 1087 992 1152 constitutionibus
1027 1109 1131 1171 usque
1164 1089 1207 1153 ad
1237 1089 1332 1172 quin·

184 1190 363 1274 quennium
386 1189 605 1272 procedebat:
629 1191 688 1256 sed
711 1205 753 1256 rte
776 1189 953 1255 creditores
973 1190 1095 1255 diutius
1117 1191 1245 1274 possint
1266 1193 1332 1257 suis

184 1293 330 1377 pecuniis
340 1293 476 1358 forsitan
486 1289 679 1374 defraudari,
690 1315 748 1378 per
759 1295 1028 1359 constitutionem
1039 1304 1185 1359 nostram
1201 1305 1332 1378 tempus

185 1405 368 1462 coartatum
399 1409 458 1475 est,
489 1409 527 1463 ut
557 1397 642 1464 ultra
671 1398 795 1464 biennii
826 1407 932 1463 metas
961 1395 1150 1464 huiusmodi
1176 1401 1333 1482 exceptio

186 1500 321 1568 minime
336 1504 546 1568 extendatur.

704 1581 823 1654 XXII.

487 1735 537 1793 'os
560 1721 750 1794 coushusu
774 1735 1036 1794 mussitamus.

231 1865 402 1932 Consensu
425 1867 508 1932 fiunt
529 1867 745 1950 obligationes
770 1865 805 1930 in
830 1863 1053 1949 emptionibus
1079 1867 1334 1942 venditionibus,

186 1971 405 2036 locationibus
443 1972 726 2047 conductionibus,
762 1971 984 2048 societatibus,
1019 1973 1192 2038 mandatis.
1252 1973 1363 2037 Ideol

186 2085 298 2138 autem
324 2075 396 2140 istis
425 2075 532 2139 modis
558 2095 717 2140 consensu
744 2074 863 2138 dicitur
888 2067 1047 2158 obligatio
1074 2075 1231 2152 contrahi,
1257 2077 1336 2159 quia

188 2199 296 2261 neque
321 2179 480 2261 scriptura
502 2197 608 2261 neque
628 2178 814 2262 praesentia
833 2179 1026 2242 omnimodo
1046 2199 1129 2262 opus
1150 2189 1208 2258 est,
1234 2200 1273 2244 ac
1294 2200 1336 2243 ne

189 2281 260 2344 dari
283 2281 464 2364 quidquam
487 2302 621 2346 necesse
643 2289 703 2358 est,
727 2289 764 2344 ut
786 2281 1005 2346 substantiam
1032 2283 1141 2365 capiat
1167 2283 1336 2365 obligatio,

189 2385 248 2448 sed
290 2385 409 2449 sufficit
445 2406 502 2449 eos
536 2386 592 2468 qui
628 2385 798 2468 negotium
836 2394 954 2468 gerunt
984 2387 1174 2451 consentire.
1234 2387 1366 2451 Unde2

188 2487 273 2552 inter
294 2489 448 2554 absentes
470 2510 603 2572 quoque
625 2489 706 2554 talia
730 2489 864 2572 negotia
886 2489 1129 2564 contrahuntur,
1153 2489 1255 2554 veluti
1278 2512 1338 2574 per

189 2591 364 2674 epistulam
384 2601 443 2656 aut
464 2613 524 2676 per
546 2593 708 2657 nuntium.
762 2593 849 2662 Item
873 2593 906 2656 in
932 2593 983 2656 his
1009 2595 1231 2658 contractibus
1253 2593 1367 2662 alter3

189 2693 282 2758 alteri
305 2694 470 2778 obligatur
492 2697 524 2758 in
547 2697 589 2772 id,
613 2697 704 2780 quod
727 2696 866 2760 alterum
889 2695 984 2760 alteri
1000 2717 1044 2760 ex
1065 2697 1154 2760 bono
1176 2707 1210 2761 et
1230 2718 1337 2780 aequo

189 2808 355 2880 praestare
385 2809 526 2882 oportet,
555 2821 631 2886 cum
657 2801 804 2884 alioquin
828 2803 861 2865 in
884 2801 1058 2866 verborum
1082 2801 1338 2884 obligationibus

189 2900 272 2966 alius
286 2901 468 2985 stipuletur,
483 2903 566 2968 alius
581 2905 764 2988 promittat.

696 3059 831 3132 XXIII.

461 3209 512 3260 os
535 3206 727 3261 snprrons
750 3209 798 3259 ss
820 3209 1064 3262 vexnruoun.

187 3355 195 3369 ·
234 3335 372 3420 Emptio
405 3343 439 3400 et
481 3335 627 3400 venditio
663 3333 875 3414 contrahitur,
919 3335 1117 3420 simulatque
1153 3338 1196 3402 de
1232 3335 1340 3422 pretio

226 3507 367 3578 JustInian
380 3507 501 3563 enacted
515 3505 553 3578 (1)
567 3509 627 3563 that
643 3509 680 3562 all
693 3507 876 3562 intercession
890 3508 928 3578 by
940 3525 958 3563 a
970 3525 1080 3563 woman
1093 3509 1195 3564 should
1207 3510 1244 3565 be
1257 3509 1340 3566 abso·

189 3591 277 3660 lutely
294 3591 361 3646 void
379 3593 475 3646 unless
493 3591 646 3661 expressed
667 3590 696 3645 in
716 3608 734 3646 a
752 3591 905 3647 document
924 3593 1047 3648 attested
1064 3593 1103 3663 by
1122 3603 1151 3649 at
1170 3595 1241 3650 least
1259 3595 1340 3650 three

190 3673 345 3740 witnesses‚
365 3673 435 3729 Cod.
452 3688 477 3740 4
491 3687 534 3743 29.
548 3687 591 3742 23.
605 3689 640 3743 ²3
659 3675 708 3729 the
726 3673 888 3744 exceptions
907 3675 999 3730 thch
1018 3676 1076 3731 had
1094 3677 1255 3748 previously
1272 3675 1340 3733 held

191 3773 264 3812 vere
277 3756 333 3812 still
345 3757 520 3827 recognised,
534 3757 557 3811 is
571 3757 628 3813 this
640 3758 713 3812 form
726 3775 784 3813 was
797 3757 945 3828 observed,
958 3761 1066 3830 though
1079 3760 1115 3816 its
1128 3761 1270 3831 necessity
1282 3777 1340 3816 was

191 3839 345 3910 dispensed
357 3839 424 3895 with
434 3842 526 3896 where
535 3843 584 3896 the
594 3841 759 3896 intercessio
769 3859 826 3896 was
836 3843 920 3898 made
930 3841 973 3897 lor
982 3843 1111 3898 valuable
1122 3843 1339 3913 consideration,

191 3939 223 3978 or
236 3923 264 3978 in
277 3923 326 3978 the
338 3933 442 3979 matter
452 3923 486 3978 ol
500 3941 518 3979 a
531 3924 591 3994 dos,
606 3925 675 3979 Cod.
690 3925 742 3978 loc.
756 3924 802 3980 cit.
816 3939 859 3990 ²4·
873 3939 916 3994 ²5·
954 3925 992 3995 (a)
1013 3928 1088 3980 That
1106 3927 1143 3980 all
1156 3925 1340 3982 intercession

190 4009 229 4077 by
238 4023 256 4062 a
265 4005 328 4062 wile
340 4023 377 4060 on
390 4005 490 4062 behals
498 4008 531 4062 os
539 4009 590 4062 her
602 4008 742 4074 husband,
752 4007 818 4062 with
829 4025 846 4062 a
856 4009 908 4063 lew
919 4009 1089 4079 exceptions,
1101 4009 1203 4064 should
1215 4009 1252 4064 be
1264 4007 1340 4078 void,

190 4107 262 4146 even
284 4091 391 4160 though
410 4091 460 4146 the
480 4090 553 4146 torm
577 4090 741 4163 prescribed
759 4089 788 4144 iu
808 4091 889 4146 other
911 4107 991 4146 cases
1014 4109 1086 4148 vere
1105 4089 1246 4163 complied
1265 4091 1340 4162 with,

192 4173 267 4229 Nov.
283 4187 341 4240 134.
355 4175 380 4228 8.

226 4259 286 4313 tte
305 4260 395 4312 m.
426 4259 514 4328 Upon
543 4257 592 4313 the
620 4257 729 4328 subject
760 4256 793 4311 os
819 4255 909 4311 literal
940 4265 1067 4313 contract
1098 4256 1127 4311 ln
1152 4257 1266 4329 general
1293 4272 1341 4312 see

192 4343 336 4397 Excursus
355 4340 441 4408 Vlll,
459 4351 489 4396 at
508 4342 557 4396 the
575 4341 631 4395 end
650 4341 683 4395 of
698 4339 753 4395 this
773 4341 863 4396 Book.

226 4427 286 4480 *rte
300 4426 426 4482 xxm.
451 4425 553 4483 Before
565 4424 706 4494 Justinian
725 4441 788 4478 arra
807 4441 839 4478 or
857 4432 968 4480 eamest
986 4439 1090 4496 money
1102 4424 1160 4480 had
1172 4423 1244 4482 been
1257 4422 1340 4494 gIven

736 4521 800 4575 ΕΘ
