3078 5020
210 285 271 353 162
410 295 485 349 INS
488 295 515 348 T
512 295 533 350 I
535 295 617 350 TUT
615 295 761 352 IONUM
779 296 899 350 LIBRI
917 295 1154 368 QUATTUOR.
1267 297 1330 363 [Lib.
1338 303 1358 355 l.

207 460 348 544 peditur,
378 481 445 543 quo
476 461 583 524 minus
613 461 746 544 negotia
776 459 893 544 pupilli
923 459 1154 524 administrare
1184 461 1297 544 possit,
1324 471 1359 526 et

207 563 352 647 pupillus
370 564 422 627 vel
443 565 530 629 absit
552 564 604 628 vel
628 564 735 629 infans
753 566 805 640 sit,
822 585 922 646 quem
943 564 1022 628 velit
1044 575 1192 629 actorem
1212 564 1359 647 periculo

207 669 309 752 ipsius
324 679 458 753 praetor
471 667 524 734 vel
540 670 595 752 qui
611 671 797 752 provinciae
812 671 952 753 praeerit
968 670 1102 735 decreto
1117 670 1306 736 constituet.

721 883 851 948 XXIV.

337 1061 388 1111 os
411 1059 688 1112 sumsnnrrous
712 1060 896 1113 Turonum
920 1062 967 1112 Er
989 1061 1235 1116 cumronuu.

251 1212 306 1277 Ne
326 1221 439 1276 tamen
461 1210 660 1294 pupillorum
684 1211 925 1294 pupillarumve
948 1221 982 1276 et
1007 1231 1129 1290 eorum,
1152 1213 1208 1294 qui
1233 1231 1360 1294 quaeve

208 1315 241 1380 in
268 1318 436 1381 curatione
460 1323 546 1390 sunt,
574 1315 708 1396 negotia
733 1335 753 1378 a
780 1314 944 1378 tutoribus
968 1316 1215 1380 curatoribusve
1241 1335 1360 1378 consu·

208 1420 341 1483 mantu'r
370 1429 428 1484 aut
465 1419 707 1497 deminuantur,
738 1428 830 1482 curat
860 1430 1002 1500 praetor,
1033 1429 1070 1484 ut
1101 1429 1135 1482 et
1169 1429 1295 1484 tutores
1325 1429 1359 1483 et

207 1534 374 1589 curatores
396 1544 436 1587 eo
458 1524 590 1587 nomine
611 1523 782 1586 satisdent.
816 1523 874 1585 sed
896 1522 959 1586 hoc
982 1544 1048 1587 non
1070 1533 1123 1588 est
1142 1533 1358 1607 perpetuum3

208 1647 286 1692 nam
317 1637 444 1692 tutores
474 1636 676 1690 testamento
701 1628 770 1690 dati
798 1629 959 1690 satisdare
988 1648 1055 1690 non
1083 1637 1251 1711 coguntur,
1282 1629 1361 1710 quia

208 1731 291 1795 fides
313 1753 425 1794 eorum
447 1740 480 1794 et
503 1730 673 1813 diligentia
694 1731 737 1793 ab
757 1731 829 1813 ipso
849 1740 1008 1795 testatore
1029 1732 1168 1813 probata
1187 1741 1254 1796 est:
1278 1732 1360 1796 item

209 1849 253 1897 ex
283 1836 495 1917 inquisitione
522 1844 646 1898 tutores
672 1835 723 1897 vel
755 1843 920 1898 curatores
946 1836 1016 1899 dati
1046 1837 1262 1901 satisdatione
1292 1857 1360 1900 non

179 1947 393 2013 lonerantur,
417 1941 495 2020 quia
517 1940 627 2002 idonei
649 1939 744 2002 electi
768 1949 854 2003 sunt.
901 1937 968 2002 Sed
992 1939 1072 2004 etsi
1093 1961 1137 2003 ex
1157 1950 1360 2004 testamento

207 2043 260 2108 vel
282 2044 491 2126 inquisitione
511 2044 577 2107 duo
597 2043 747 2126 pluresve
768 2043 838 2106 dati
859 2041 987 2122 luerint,
1008 2053 1117 2126 potest
1138 2065 1221 2108 unus
1241 2043 1361 2110 offerre

207 2149 288 2211 satis
309 2149 352 2211 de
374 2149 593 2212 indemnitate
616 2147 732 2230 pupilli
755 2147 807 2210 vel
826 2147 1047 2211 adulescentis
1070 2157 1104 2212 et
1126 2149 1290 2212 contutori
1305 2149 1360 2211 vel

208 2253 413 2316 concuratori
444 2251 607 2334 praeferri,
634 2260 670 2315 ut
700 2251 788 2314 solus
819 2252 1038 2330 administret,
1062 2252 1115 2316 vel
1140 2263 1176 2315 ut
1206 2262 1361 2316 contutor

206 2359 287 2421 satis
302 2357 441 2421 offerens
457 2366 678 2438 praeponatur
694 2357 733 2430 ei,
753 2365 789 2418 ut
805 2356 876 2439 ipse
894 2355 983 2419 solus
999 2357 1218 2420 administret.
1247 2358 1360 2440 itaque

206 2483 267 2545 per
282 2483 317 2525 se
333 2482 398 2525 non
415 2469 525 2543 potest
543 2469 657 2543 petere
672 2461 752 2526 satis
769 2481 789 2524 a
805 2469 977 2525 contutore
991 2461 1044 2524 vel
1061 2469 1273 2525 concuratore
1289 2483 1359 2540 suo,

206 2567 266 2629 sed
282 2565 399 2629 offerre
414 2565 523 2641 debet,
540 2573 576 2627 ut
597 2563 792 2628 electionem
811 2566 868 2629 dct
887 2567 1052 2629 contutori
1069 2587 1138 2645 su0,
1154 2577 1263 2630 utrum
1279 2567 1360 2630 velit

206 2671 287 2732 satis
303 2669 450 2750 accipere
467 2689 510 2731 an
526 2669 708 2732 satisdare.
754 2670 871 2750 quodsi
892 2689 990 2733 nemo
1007 2691 1120 2733 eorum
1136 2671 1216 2734 satis
1231 2670 1361 2749 offerat,

206 2772 382 2855 siquidem
402 2773 603 2854 adscriptum
624 2771 719 2836 fuerit
735 2792 755 2834 a
771 2781 939 2848 testatore,
957 2774 1030 2855 quis
1049 2785 1153 2856 gerat,
1170 2774 1225 2838 ille
1245 2793 1360 2857 gerere

206 2877 325 2940 debet:
350 2876 467 2957 quodsi
483 2896 549 2939 non
561 2875 656 2938 luerit
667 2877 881 2958 adscriptum,
893 2898 992 2959 quem
1009 2879 1114 2941 maior
1125 2898 1201 2960 pars
1213 2877 1360 2960 elegerit,

206 2983 277 3063 ipse
292 3000 405 3062 gerere
420 2979 531 3056 debet,
548 2989 584 3044 ut
604 2981 713 3044 edicto
728 2983 888 3063 praetoris
907 2992 1050 3046 cavetur.
1095 2983 1146 3046 sin
1166 2993 1279 3046 autem
1295 2983 1359 3064 ipsi

206 3095 332 3148 tutores
350 3083 562 3148 dissenserint
585 3085 671 3148 circa
694 3085 883 3168 eligendum
910 3107 985 3150 eum
1009 3086 1062 3150 vel
1087 3107 1143 3150 eos
1166 3087 1222 3169 qui
1243 3106 1360 3168 gerere

205 3189 337 3267 debent,
363 3199 494 3271 praetor
519 3197 630 3271 partes
654 3209 729 3252 suas
756 3191 965 3272 interponere
992 3191 1103 3255 debet.
1148 3190 1236 3255 idem
1263 3200 1298 3254 et
1324 3192 1359 3254 in

205 3293 352 3378 pluribus
368 3313 411 3356 ex
433 3294 644 3375 inquisitione
660 3293 747 3356 datis
768 3295 975 3376 probandum
995 3305 1054 3373 est,
1070 3296 1102 3359 id
1126 3305 1176 3360 est
1196 3306 1233 3360 ut
1254 3293 1361 3359 maior

205 3419 280 3483 pars
296 3398 415 3480 eligere
431 3397 544 3479 possit,
560 3417 734 3480 perquem
751 3393 994 3462 administratio
1011 3399 1113 3463 lieret.

240 3605 301 3657 'rte
313 3606 432 3658 XXIV.
453 3603 515 3657 The
529 3602 721 3673 squandering
731 3602 870 3674 olpupils'
879 3603 1004 3660 fortunes
1014 3605 1052 3674 by
1063 3603 1136 3660 their
1145 3614 1233 3660 tutors
1247 3603 1271 3658 is
1281 3603 1359 3659 often

206 3683 289 3738 dwelt
308 3703 383 3754 upon
403 3686 441 3754 by
459 3686 507 3740 old
526 3686 650 3741 writers:
674 3687 804 3741 ‘divitias
818 3725 825 3740 .
839 3727 846 3741 .
860 3727 867 3742 .
881 3725 888 3741 .
901 3698 931 3742 ut
951 3687 1038 3743 serme
1057 3688 1160 3756 evenit,
1173 3699 1248 3743 tutor
1267 3686 1347 3741 immi

206 3767 278 3822 uuit'
288 3769 423 3837 Apuleius
436 3769 521 3838 apol,
536 3769 730 3825 ‘multiformis
743 3772 908 3842 plerumque
919 3771 1037 3841 perfidia
1047 3773 1185 3827 tutorum'
1195 3772 1360 3841 symmach.

206 3851 262 3920 Ep.
284 3864 309 3918 7.
331 3852 373 3921 65,
402 3851 534 3907 ‘cottidie
560 3853 683 3923 suspecti
708 3865 815 3910 tutores
840 3857 1033 3925 postulantur’
1056 3855 1122 3925 Dig.
1146 3857 1188 3910 26.
1215 3869 1253 3909 ιο.
1276 3870 1298 3909 1.
1318 3872 1359 3924 pr.

206 3935 310 3989 Tutors
330 3934 386 3989 aud
403 3945 539 4004 curators,
552 3935 619 3990 with
637 3937 685 3991 the
700 3937 864 4008 exceptions
883 3938 1049 3992 mentioned
1065 3937 1094 3992 in
1113 3939 1161 3993 the
1178 3949 1245 4007 text,
1258 3937 1318 3992 had
1329 3949 1360 3992 to

205 4017 270 4090 give
289 4018 411 4088 security
430 4018 505 4073 ‘rem
524 4019 623 4089 pupilli
642 4021 750 4076 salvam
769 4021 846 4077 lore'
865 4022 917 4076 Bk.
930 4021 1024 4076 iii-18.
1039 4037 1056 4088 4
1069 4021 1126 4091 inf,
1139 4021 1213 4077 their
1228 4021 1291 4075 own
1311 4039 1359 4077 en·

205 4113 356 4172 gagement
375 4103 479 4172 always
497 4102 583 4172 being
601 4105 756 4174 supported
773 4105 812 4173 by
824 4105 952 4160 sureties.
990 4105 1016 4159 lt
1029 4122 1087 4160 was
1105 4121 1124 4159 a
1141 4104 1271 4176 question
1286 4105 1359 4159 whe-

205 4187 269 4241 ther
281 4187 328 4241 the
341 4197 441 4256 patron
459 4186 517 4241 and
534 4186 578 4241 his
597 4204 665 4242 sons
679 4205 751 4242 were
765 4189 914 4258 exempted
927 4189 1000 4243 from
1019 4187 1187 4244 satisdatio:
1206 4190 1255 4244 the
1267 4189 1361 4243 better

205 4269 276 4324 view
289 4287 381 4325 seems
400 4279 430 4324 to
446 4271 519 4325 have
532 4269 604 4326 been
622 4272 682 4325 that
702 4270 723 4326 it
736 4271 887 4342 depended
900 4289 936 4326 on
956 4271 1004 4327 the
1023 4271 1244 4327 circumstances
1263 4271 1297 4326 os
1311 4272 1359 4326 the

205 4353 357 4424 particular
368 4369 443 4422 case,
458 4353 523 4422 Dig.
538 4353 581 4408 26.
593 4369 619 4420 4.
635 4367 659 4423 5.
675 4369 695 4410 1.

242 4433 256 4505 §
270 4441 295 4491 1.
314 4437 420 4491 Where
433 4437 513 4492 there
527 4454 598 4492 were
616 4439 724 4494 several
738 4437 812 4508 joint
825 4449 914 4494 tutors
928 4455 960 4493 or
973 4447 1099 4494 curators
1114 4439 1152 4508 (1)
1166 4439 1214 4494 the
1225 4437 1358 4493 business
