3176 5022
561 857 728 932 LIBER
771 857 1031 935 TERTIUS.

779 1104 807 1169 1.

247 1279 297 1331 DE
320 1279 623 1332 HEREDITATIBUS
645 1278 749 1344 QUAE
772 1279 820 1329 AB
842 1279 1051 1332 INTESTATO
1074 1280 1340 1338 DEFERUNTUR.

260 1431 494 1498 INTESTATUS
509 1431 650 1510 decedit,
661 1429 719 1514 qui
734 1438 792 1495 aut
804 1430 939 1496 omnino
954 1438 1192 1498 testamentum
1207 1455 1274 1499 non
1286 1434 1365 1500 fecit

214 1545 272 1600 aut
287 1557 353 1600 non
369 1537 438 1601 iure
453 1537 530 1602 iecit
545 1544 604 1601 aut
618 1537 651 1601 id
664 1535 755 1619 quod
770 1534 893 1601 fecerat
908 1547 1040 1620 ruptum
1056 1538 1224 1605 irritumve
1238 1541 1363 1605 iactum

214 1648 266 1704 est
280 1649 339 1704 aut
354 1661 452 1706 nemo
468 1662 512 1705 ex
528 1661 568 1706 eo
582 1639 678 1704 heres
693 1639 817 1704 extitit.

260 1742 497 1809 intestatorum
526 1752 639 1809 autem
669 1741 870 1808 hereditates
897 1763 941 1808 ex
965 1744 1040 1827 lege
1064 1745 1241 1812 duodecim
1267 1747 1391 1811 tabu-l

214 1845 319 1910 larum
334 1848 477 1929 primum
492 1847 536 1912 ad
551 1868 628 1912 suos
643 1845 780 1911 heredes
795 1847 969 1930 pertinent.
1014 1847 1073 1914 Sui
1093 1861 1205 1914 autem
1225 1849 1393 1914 beredes2

214 1951 455 2028 existimantur,
472 1961 509 2016 ut
531 1961 566 2017 et
587 1971 686 2035 supra
707 1952 864 2028 diximus
881 1953 936 2035 qui
959 1953 992 2016 in
1007 1962 1174 2036 potestate
1192 1956 1363 2019 morientis

213 2052 363 2120 suerunt:
386 2055 488 2122 veluti
514 2057 602 2121 filius
627 2057 703 2132 filia,
729 2077 832 2140 nepos
858 2058 1008 2139 neptisve
1030 2079 1074 2123 ex
1098 2058 1175 2139 filio,
1199 2079 1363 2142 pronepos

212 2159 423 2242 proneptisve
445 2181 490 2226 ex
512 2171 633 2244 nepote
653 2160 721 2224 filio
739 2169 827 2239 nato,
842 2153 1024 2243 prognatus
1043 2171 1256 2244 prognatave.
1302 2182 1363 2227 nec

213 2261 358 2342 interest,
384 2273 495 2328 utrum
525 2265 691 2330 naturales
720 2273 799 2329 sunt
828 2264 922 2329 liberi
948 2285 991 2329 an
1020 2266 1177 2349 adoptivi.
1231 2265 1363 2350 Quibus

214 2369 438 2432 connumerari
461 2389 593 2434 necesse
616 2379 668 2435 est
690 2369 792 2434 etiam
815 2389 881 2445 eos,
903 2369 960 2451 qui
982 2391 1027 2433 ex
1049 2368 1205 2452 legitimis
1226 2369 1362 2452 quidem

214 2471 430 2536 matrimoniis
456 2493 523 2536 non
547 2483 624 2539 sunt
650 2472 822 2556 progeniti,
844 2473 940 2537 curiis
962 2480 1075 2536 tamen
1097 2473 1267 2538 civitatum
1292 2474 1362 2538 dati

212 2575 395 2639 secundum
421 2577 579 2642 divalium
605 2578 887 2656 constitutionum,
913 2597 999 2660 quae
1030 2597 1130 2660 super
1154 2577 1206 2641 his
1235 2577 1363 2660 positae

212 2685 298 2756 sunt,
318 2687 467 2744 tenorem
491 2701 625 2745 suorum
648 2681 718 2746 iura
744 2681 991 2746 nanciscuntur:
1019 2700 1078 2746 nec
1101 2701 1166 2745 non
1189 2695 1255 2759 eos,
1278 2701 1362 2764 quos

212 2789 345 2846 nostrae
369 2783 548 2867 amplexae
573 2794 651 2850 sunt
676 2785 938 2860 constitutiones,
959 2804 1019 2867 per
1043 2805 1126 2867 quas
1150 2785 1311 2862 iussimus,
1334 2783 1361 2847 si

212 2885 286 2968 quis
312 2887 483 2953 mulierem
507 2889 540 2954 in
564 2910 625 2954 suo
649 2890 863 2955 contubernio
887 2889 1090 2972 copulaverit
1111 2909 1176 2953 non
1199 2889 1243 2953 ab
1267 2888 1360 2954 initio

212 2988 387 3056 affectione
424 2993 575 3071 maritali,
602 3013 676 3057 eam
713 3003 835 3071 tamen,
862 3011 938 3056 cum
975 3013 1041 3075 qua
1074 3002 1206 3074 poterat
1238 2992 1361 3056 habere
1442 2997 1450 3012 ·

211 3095 410 3179 coniugium,
430 3105 464 3161 et
486 3117 531 3161 ex
553 3118 592 3162 ea
613 3098 735 3163 liberos
757 3095 932 3175 sustulerit,
952 3105 1070 3179 postea
1086 3117 1165 3160 vero
1186 3096 1360 3160 affectione

245 3325 343 3380 v1t1.
373 3326 430 3380 For
451 3325 500 3381 the
521 3325 630 3396 precise
651 3325 786 3396 meaning
807 3325 841 3382 oi
860 3333 1063 3380 testamentum
1084 3340 1142 3379 non
1163 3323 1223 3380 iure
1244 3324 1359 3392 iactum,

210 3416 332 3477 ruptum,
346 3406 463 3478 irritum,
475 3409 533 3464 and
546 3409 712 3465 destitutum
724 3426 772 3465 see
785 3425 822 3463 on
836 3408 889 3463 Bk.
901 3406 929 3464 ii.
945 3421 985 3474 17.
998 3423 1038 3477 pr.
1053 3423 1127 3477 supr.

247 3487 262 3562 ξ
273 3493 297 3546 1.
317 3492 379 3546 The
387 3491 501 3548 Twelve
508 3493 622 3564 Tables,
627 3493 722 3548 whose
730 3491 822 3546 words
830 3507 882 3548 rau
892 3490 931 3546 ‘si
942 3489 1091 3546 intestatus
1101 3488 1226 3559 moritur,
1236 3488 1281 3547 cui
1292 3505 1359 3544 suus

210 3571 293 3628 heres
305 3591 359 3630 nec
368 3575 447 3644 escit,
456 3585 576 3646 agnatus
588 3576 733 3646 proximus
741 3573 878 3631 familiam
890 3575 1012 3644 habeto:
1021 3572 1175 3630 conceived
1186 3573 1235 3628 the
1248 3589 1359 3628 succes·

210 3655 273 3712 sion
291 3658 325 3712 oi
338 3675 357 3714 a
374 3676 442 3715 suus
459 3660 548 3715 heres.
560 3661 617 3716 less
635 3677 668 3716 as
686 3677 704 3716 a
721 3659 884 3716 succession
903 3660 973 3714 than
992 3675 1025 3714 as
1043 3675 1062 3713 a
1080 3655 1274 3713 continuation
1292 3657 1325 3712 of
1341 3673 1360 3712 a

210 3757 342 3796 common
355 3742 577 3815 proprietorship
589 3744 684 3798 vhose
700 3743 823 3799 exercise
836 3741 895 3798 had
906 3742 964 3798 lain
981 3741 1112 3797 dormant
1125 3739 1227 3812 during
1238 3742 1287 3798 the
1299 3741 1359 3796 lise·

209 3821 279 3879 time
297 3825 329 3880 oi
343 3827 392 3882 the
408 3825 548 3883 deceased
565 3827 788 3897 paterfamilias:
808 3827 841 3883 ci.
856 3827 945 3883 Gaius
964 3825 993 3882 ii.
1009 3839 1068 3897 157,
1081 3825 1134 3882 Bk.
1146 3825 1173 3881 ii.
1190 3839 1228 3894 19.
1244 3840 1358 3896 asupr,

210 3907 268 3962 and
281 3910 295 3976 §
307 3923 323 3978 3
333 3908 390 3979 ins,
404 3909 496 3982 ‘quasi
515 3909 695 3965 continuatur
713 3909 888 3978 dominium:
901 3910 968 3980 Dig.
978 3909 1021 3966 28.
1032 3924 1056 3964 2.
1070 3923 1099 3963 11
1115 3907 1160 3963 ‘in
1171 3908 1213 3962 sui
1248 3907 1359 3964 heredi-

208 3987 263 4046 bus
284 3991 442 4049 evidentius
463 4005 589 4064 apparet,
608 3993 849 4050 continuationem
870 3993 987 4048 dominii
1009 4009 1124 4049 eorem
1145 3991 1215 4062 perd
1236 4007 1308 4060 cere,
1327 4000 1358 4047 ut

208 4073 286 4129 nulla
303 4073 433 4132 videatur
449 4075 593 4132 hereditas
611 4075 707 4146 fuisse,
726 4076 807 4148 quasi
826 4076 894 4132 olim
912 4077 941 4131 hi
961 4075 1068 4130 domini
1087 4084 1191 4144 essent,
1205 4072 1252 4145 qui
1271 4073 1358 4130 etiam

208 4154 273 4211 vivo
290 4167 371 4227 patre
390 4159 602 4230 quodammodo
620 4160 740 4216 heredes
759 4159 972 4215 existimantur:
988 4198 1035 4214 ...
1052 4157 1147 4228 itaque
1160 4151 1358 4227 postmortem

208 4239 298 4310 patris
316 4257 374 4296 non
388 4241 577 4300 hereditatem
593 4243 738 4316 percipere
750 4244 890 4314 videntur,
902 4243 954 4299 sed
970 4241 1062 4314 magis
1081 4242 1199 4297 liberam
1217 4240 1357 4296 bonorum

207 4321 485 4382 administrationem
504 4329 731 4400 consequuntur!
1326 4334 1332 4342 “

244 4403 297 4480 §2
311 4407 368 4464 For
377 4409 426 4468 the
438 4410 538 4470 modes
551 4411 584 4468 oi
592 4410 780 4484 legitimating
792 4407 967 4484 illegitimate
979 4409 1106 4468 children
1119 4425 1167 4468 see
1180 4423 1218 4466 on
1230 4407 1283 4464 Ble
1291 4406 1360 4468 iro.

772 4509 795 4563 Ζ
