3166 5022
186 287 236 335 Tit.
246 279 282 346 6,]
484 279 545 332 DE
572 268 919 348 USUCAPIONIBUS,
941 279 1002 334 ET
1001 277 1032 336 C.
1273 289 1336 356 219

186 445 255 509 eius
271 443 457 508 committit.
505 441 573 508 Sed
589 453 702 506 tamen
717 444 749 507 id
766 443 945 526 aliquando
959 441 1055 508 aliter
1070 463 1106 508 se
1120 441 1231 509 habet.
1259 465 1336 508 narn

185 549 213 614 si
228 547 322 612 heres
338 569 407 611 rem
423 546 579 611 defuncto
595 549 841 612 commodatam
856 557 914 613 aut
930 546 1073 612 locatam
1090 547 1140 610 vel
1155 548 1243 630 apud
1261 568 1336 612 eum

186 653 373 734 depositam
397 651 592 716 existimans
614 650 847 716 hereditariam
871 672 944 717 esse
964 650 1140 716 bonafide
1162 652 1337 732 accipienti

185 755 370 820 vendiderit
385 765 443 819 aut
461 755 632 818 donaverit
652 765 710 818 aut
728 756 816 820 dotis
837 757 970 819 nomine
990 755 1127 833 dederit,
1142 755 1222 837 quin
1238 757 1265 819 is
1281 756 1338 838 qui

186 861 349 942 acceperit
367 880 546 942 usucapere
561 859 675 942 possit,
692 860 829 924 dubium
854 881 920 924 non
943 869 1005 935 est,
1021 860 1144 943 quippe
1167 879 1207 924 ea
1229 880 1281 925 res
1304 861 1337 923 in

187 964 263 1028 furti
289 965 405 1028 vitium
431 984 497 1028 non
524 963 687 1042 ceciderit,
715 983 791 1028 cum
814 966 928 1046 utique
954 964 1057 1038 heres,
1073 965 1130 1046 qui
1156 963 1245 1028 bona
1272 963 1339 1027 fide

187 1078 358 1152 tamquam
374 1089 467 1134 suam
483 1068 683 1145 alienaverit,
699 1068 819 1140 lurtum
836 1091 902 1133 non
921 1070 1109 1134 committit.
1156 1068 1242 1133 ltem
1259 1069 1286 1133 si
1302 1069 1337 1146 is,
1351 1075 1369 1128 5

186 1173 230 1236 ad
260 1193 360 1255 quem
385 1172 524 1236 ancillae
548 1193 626 1237 usus
653 1172 778 1239 fructus
805 1175 955 1256 pertinet,
983 1182 1116 1256 partum
1143 1192 1238 1238 suum
1266 1191 1338 1236 esse

186 1278 324 1342 credens
339 1277 525 1340 vendiderit
548 1285 606 1338 aut
628 1276 807 1354 donaverit,
826 1277 948 1342 furtum
970 1297 1036 1340 non
1052 1277 1251 1341 committit:
1274 1276 1338 1339 sur·

186 1391 259 1446 tum
275 1382 364 1445 enim
381 1381 451 1445 sine
467 1379 588 1444 affectu
601 1379 730 1451 iurandi
746 1401 812 1445 non
829 1383 1056 1452 committitur.
1100 1379 1188 1446 Aliis
1204 1392 1370 1463 quoque6

188 1486 296 1550 modis
312 1487 461 1550 accidere
476 1494 596 1568 potest,
614 1494 651 1548 ut
673 1487 746 1568 quis
768 1488 839 1551 sine
853 1488 934 1552 vitio
954 1485 1032 1549 furti
1052 1505 1121 1549 rem
1136 1484 1278 1549 alienam
1295 1484 1338 1548 ad

187 1591 332 1672 aliquem
363 1591 539 1655 transferat
566 1599 599 1654 et
627 1590 755 1668 efficiat,
781 1601 819 1656 ut
846 1613 867 1655 a
897 1611 1087 1676 possessore
1117 1591 1338 1673 usucapiatur.

188 1693 289 1777 Quod
305 1705 417 1759 autem
433 1694 476 1758 ad
494 1715 550 1760 eas
566 1715 626 1770 res,
642 1715 727 1777 quae
743 1696 814 1760 solo
830 1697 1048 1774 continentur,
1061 1695 1249 1777 expeditius
1264 1714 1339 1777 pro·
1353 1700 1369 1752 7
1485 1786 1486 1790 Ἰ

188 1801 285 1876 cedit,
312 1808 350 1863 ut
377 1801 449 1882 quis
476 1799 539 1864 loci
562 1802 710 1868 vacantis
731 1803 974 1883 possessionem
996 1809 1133 1884 propter
1153 1790 1339 1865 absentiam

188 1913 247 1967 aut
270 1905 515 1987 neglegentiam
538 1904 673 1984 domini,
688 1915 748 1970 aut
764 1908 842 1990 quia
858 1909 928 1972 sine
944 1925 1131 1970 successore
1154 1905 1339 1982 decesserit,

189 2011 259 2074 sine
274 2011 305 2072 vi
322 2010 538 2074 nanciscatur.
569 2011 626 2092 qui
641 2013 793 2093 quamvis
817 2013 887 2094 ipse
904 2010 991 2074 mala
1007 2009 1074 2073 fide
1089 2010 1246 2092 possidet,
1262 2011 1340 2091 quia

188 2113 352 2197 intellegit
375 2135 411 2179 se
433 2115 577 2179 alienum
599 2113 739 2179 fundum
763 2135 949 2197 occupasse,
974 2123 1096 2192 tamen,
1119 2114 1146 2178 si
1172 2113 1228 2176 alii
1252 2114 1340 2177 bona

189 2216 256 2281 fide
277 2219 451 2302 accipienti
475 2217 656 2295 tradiderit,
673 2222 794 2302 poterit
813 2222 844 2284 ei
864 2220 965 2302 longa
980 2217 1188 2301 possessione
1210 2237 1261 2280 res
1281 2217 1340 2280 ad·

188 2322 282 2404 quiri,
298 2325 375 2404 quia
391 2343 499 2405 neque
513 2321 669 2394 furtivum
685 2343 793 2406 neque
808 2325 839 2388 vi
856 2343 1047 2407 possessum
1062 2322 1198 2403 accepit,
1214 2320 1340 2385 abolita

188 2435 241 2489 est
263 2427 350 2489 enim
373 2427 580 2508 quorundam
595 2435 743 2491 veterum
767 2429 930 2492 sententia
953 2425 1215 2492 existimantium
1239 2425 1339 2490 etiam

114 2553 122 2563 ·
188 2529 282 2594 fundi
298 2530 402 2594 locive
417 2529 540 2594 lurtum
557 2531 626 2596 fieri
642 2541 675 2596 et
691 2553 813 2612 eorum,
830 2534 886 2616 qui
910 2554 960 2598 res
977 2531 1038 2597 soli
1053 2529 1234 2614 possident,
1251 2531 1340 2612 prin·

188 2633 349 2716 cipalibus
364 2635 652 2701 constitutionibus
675 2637 882 2720 prospicitur,
898 2657 940 2701 ne
962 2636 1013 2700 cui
1032 2634 1131 2717 longa
1153 2643 1188 2698 et
1210 2634 1340 2698 indubi-

189 2747 261 2802 tata
276 2739 441 2820 possessio
457 2739 575 2802 auferri
597 2741 729 2806 debeat.
774 2740 967 2824 Aliquando
987 2739 1087 2809 etiam
1106 2738 1226 2802 furtiva
1240 2739 1292 2802 vel
1307 2739 1339 2802 vi
1354 2741 1372 2795 8

189 2861 343 2924 possessa
366 2863 418 2908 res
441 2845 577 2926 usucapi
595 2855 726 2926 potest:
758 2844 860 2909 veluti
882 2847 911 2910 si
934 2845 968 2907 in
989 2843 1114 2912 domini
1138 2851 1339 2924 potestatem

189 3075 350 3146 possessor)
364 3077 520 3150 usucapion
539 3078 563 3134 is
580 3089 629 3134 not
643 3079 789 3150 hindered,
804 3080 871 3150 Dig.
884 3093 928 3147 47.
942 3095 966 3134 2.
981 3095 1022 3134 20.
1040 3094 1063 3133 1.
1102 3079 1127 3132 It
1141 3077 1164 3132 is
1178 3077 1299 3132 deemed
1312 3087 1342 3133 to

190 3162 263 3215 have
278 3161 411 3218 returned
430 3172 460 3218 to
479 3163 524 3218 his
544 3165 636 3219 hands
655 3181 687 3218 as
707 3181 778 3218 soon
797 3181 829 3224 as
846 3165 883 3218 he
901 3165 999 3218 knows
1018 3163 1081 3216 who
1100 3162 1154 3216 has
1172 3171 1220 3231 got
1240 3161 1270 3230 it,
1284 3161 1342 3216 and

190 3244 214 3300 is
234 3246 439 3316 consequently
457 3247 521 3302 able
538 3258 568 3303 to
589 3247 709 3318 bringa
730 3249 788 3312 real
808 3248 902 3303 action
924 3246 1019 3302 forits
1038 3262 1190 3315 recovery:
1217 3245 1260 3299 ‘in
1279 3245 1342 3315 lege
1394 3309 1396 3315 y

190 3329 290 3384 Atinia
314 3329 343 3384 in
367 3339 538 3400 potestatem
558 3331 666 3390 domini
686 3349 746 3390 rem
766 3331 898 3388 furtivam
920 3329 1032 3386 venisse
1057 3329 1155 3396 videri,
1178 3339 1206 3384 et
1231 3328 1255 3384 si
1280 3328 1341 3385 eius

190 3412 379 3469 vindicandae
393 3423 565 3484 potestatem
578 3415 716 3485 habuerit,
730 3415 853 3471 Sabinus
871 3425 900 3470 et
921 3413 1037 3470 Cassius
1052 3412 1146 3468 aiunt'
1160 3411 1225 3482 Dig.
1241 3424 1280 3480 50.
1299 3413 1339 3466 16.

190 3510 252 3567 215.
291 3499 316 3552 lt
337 3497 361 3554 is
381 3497 528 3554 uncertain
548 3499 674 3554 whether
692 3500 740 3555 the
757 3499 857 3556 vitium
875 3515 932 3556 was
954 3497 1062 3568 purged
1079 3497 1118 3566 by
1136 3497 1185 3551 the
1204 3505 1338 3567 property

190 3581 278 3652 being
301 3582 429 3643 restored
450 3592 480 3638 to
501 3583 550 3646 the
570 3584 735 3658 possession
757 3584 790 3638 os
810 3583 869 3643 him
890 3582 963 3644 from
987 3583 1088 3650 whom,
1108 3581 1217 3650 though
1235 3589 1285 3634 not
1304 3579 1341 3634 its

190 3681 294 3735 owner,
315 3665 337 3722 it
358 3683 416 3724 was
437 3667 538 3736 stolen,
563 3684 586 3727 e,
595 3684 623 3738 g.
648 3669 697 3722 the
721 3668 797 3723 bona
822 3667 877 3723 fide
902 3683 1061 3738 possessor,
1083 3665 1288 3734 usufructuary,
1310 3681 1343 3718 or

190 3749 330 3821 pledgee;
359 3749 425 3818 Dig.
441 3766 486 3817 41.
504 3765 528 3818 3.
545 3766 571 3818 4
588 3749 763 3821 6distinctly
782 3768 846 3821 says
867 3768 913 3820 uo,
933 3751 984 3806 but
1001 3765 1037 3820 49
1052 3751 1084 3804 os
1097 3751 1146 3813 the
1163 3765 1244 3812 same
1267 3747 1343 3806 Title

191 3834 321 3889 contains
334 3851 352 3890 a
363 3833 486 3904 genuine
500 3835 658 3905 exception.

226 3917 283 3989 ξθ.
304 3919 361 3973 For
379 3919 461 3974 other
479 3934 560 3974 cases
580 3936 628 3975 see
647 3917 713 3988 Dig.
732 3933 774 3986 41.
789 3920 814 3974 8.
827 3933 853 3988 4,
868 3919 945 3974 Paul.
959 3927 1031 3973 sent.
1045 3934 1101 3973 rec.
1116 3929 1139 3986 5.
1153 3932 1177 3971 2.
1193 3929 1217 3986 5,
1231 3915 1302 3972 Cod.
1316 3929 1341 3982 7.

190 4017 234 4073 3³·
250 4018 272 4056 1·

227 4084 241 4156 §
256 4089 283 4143 7.
302 4085 443 4156 Justiniau
456 4085 565 4144 altered
582 4087 631 4149 the
644 4087 705 4155 law,
719 4103 751 4162 as
770 4085 791 4141 it
810 4085 834 4142 is
853 4085 920 4142 here
932 4085 1035 4154 stated,
1048 4085 1086 4154 by
1101 4085 1175 4143 Nov.
1191 4095 1248 4150 1¹9·
1267 4093 1292 4147 7,
1304 4079 1343 4148 by

192 4169 284 4224 which
302 4170 339 4224 he
358 4169 479 4226 enacted
491 4171 553 4226 that
571 4187 589 4225 a
607 4170 684 4226 bona
697 4169 752 4226 fide
764 4186 913 4240 possessor
929 4168 962 4223 of
974 4168 1042 4224 land
1054 4168 1093 4236 by
1105 4165 1226 4222 transfer
1238 4164 1310 4218 from
1325 4180 1344 4218 a

193 4255 269 4310 mala
281 4253 338 4308 fide
350 4270 499 4323 possessor
510 4255 613 4309 should
629 4254 748 4308 become
761 4270 856 4308 owner
867 4253 906 4322 by
918 4249 1054 4322 usucapio
1073 4249 1102 4305 in
1120 4259 1169 4304 ten
1188 4264 1220 4302 or
1238 4256 1343 4315 twenty

192 4355 273 4408 years
292 4338 360 4408 only
373 4337 398 4392 is
411 4338 448 4392 all
464 4339 513 4392 the
530 4338 602 4393 facts
615 4355 689 4394 were
704 4338 807 4392 known
821 4347 850 4393 to
862 4336 912 4392 the
925 4334 1076 4400 dominus;
1095 4331 1244 4388 otherwise
1256 4329 1344 4401 thirty

192 4423 282 4491 years'
293 4419 458 4493 possession
471 4437 528 4476 was
542 4419 682 4492 required.
