3176 5022
208 330 259 384 iit.
274 325 308 392 a]
345 325 405 380 DE
418 322 630 379 LEGIYIMA
646 322 829 379 ADGNAT
828 323 950 381 ORUM
960 324 986 380 S
990 323 1255 382 UCCESSIONE.
1290 329 1356 402 '347

207 487 404 554 intestatum
426 487 615 554 decessisse.
662 489 724 554 Per
749 487 964 574 adoptionem
993 509 1124 573 quoque
1149 489 1388 572 adgnationis2

208 593 259 658 ius
284 593 443 671 consistit,
466 593 568 658 veluti
593 593 678 659 inter
703 595 788 660 filios
818 594 983 660 naturales
1012 603 1046 659 et
1075 615 1132 658 eos
1157 614 1241 678 quos
1264 603 1359 676 pater

208 717 322 762 eorum
345 698 518 781 adoptavit
540 695 615 784 (nec
637 699 775 766 dubium
793 709 853 776 est,
870 699 950 783 quin
972 699 1102 783 proprie
1124 698 1358 782 consanguinei

206 797 448 888 appellentur):
485 801 567 866 item
597 803 626 866 si
651 803 725 887 quis
754 824 799 867 ex
827 803 944 868 ceteris
973 802 1126 886 adgnatis
1155 802 1230 877 tuis,
1256 801 1358 866 veluti

208 903 315 971 irater
338 916 396 972 aut
426 915 562 990 patruus
588 916 647 972 aut
677 907 820 991 denique
850 909 877 970 is
906 907 963 991 qui
988 906 1136 990 longiore
1164 906 1269 989 gradu
1299 913 1359 985 est,

209 1009 354 1092 aliquem
376 1011 593 1094 adoptaverit,
609 1011 773 1095 adgnatos
796 1013 882 1076 inter
899 1031 975 1074 suos
998 1031 1070 1076 esse
1093 1030 1159 1074 non
1181 1009 1359 1074 dubitatur.

213 1111 369 1178 Ceterum
396 1113 482 1179 inter
507 1115 671 1179 masculos
700 1117 835 1200 quidem
865 1115 1075 1198 adgnationis
1101 1114 1169 1178 iure
1191 1113 1389 1178 hereditasti

211 1216 313 1282 etiam
342 1217 534 1302 longissimo
570 1217 675 1302 gradu
706 1220 792 1284 ultro
829 1221 977 1302 citroque
1009 1218 1146 1301 capitur.
1198 1217 1288 1300 quod
1314 1217 1358 1281 ad

207 1319 348 1386 seminas
376 1341 454 1385 vero
490 1321 538 1386 ita
574 1320 737 1404 placebat,
767 1331 804 1386 ut
834 1322 924 1407 ipsae
961 1321 1252 1405 consanguinitatis
1289 1321 1359 1385 iure

210 1434 341 1492 tantum
372 1425 503 1510 capiant
539 1425 769 1506 hereditatem,
798 1427 825 1490 si
858 1447 986 1492 sorores
1023 1426 1097 1504 sint,
1127 1425 1263 1490 ulterius
1292 1445 1359 1490 non

211 1529 361 1614 capiant:
384 1527 522 1594 masculi
537 1549 615 1594 vero
638 1529 681 1593 ad
704 1551 817 1594 earum
839 1529 1047 1606 hereditates,
1064 1529 1164 1593 etiam
1187 1529 1215 1593 si
1237 1527 1358 1612 longis-

208 1633 294 1699 simo
319 1634 528 1717 gradusint,
552 1633 780 1700 admittantur.
823 1655 890 1718 qua
913 1635 956 1699 de
979 1654 1078 1698 causa
1101 1633 1209 1697 fratris
1230 1633 1278 1698 tui
1301 1641 1360 1698 aut

212 1741 321 1822 patrui
337 1739 385 1804 tui
401 1737 490 1803 filiae
507 1739 560 1802 vel
582 1738 705 1802 amitae
727 1748 805 1804 tuae
826 1738 992 1804 hereditas
1014 1739 1056 1804 ad
1080 1747 1114 1803 te
1135 1737 1286 1822 pertinet,
1301 1745 1360 1802 tua

208 1863 288 1907 vero
302 1844 346 1906 ad
362 1841 436 1906 illas
452 1861 517 1906 non
532 1842 728 1926 pertinebat.
772 1845 862 1928 quod
885 1844 961 1908 ideo
983 1844 1029 1908 ita
1048 1843 1264 1906 constitutum
1279 1849 1360 1919 erat,

210 1947 289 2030 quia
315 1947 524 2011 commodius
548 1947 725 2012 videbatur
749 1949 797 2012 ita
821 1948 892 2013 iura
918 1947 1080 2022 constitui,
1104 1954 1142 2009 ut
1165 1944 1359 2030 plerumque

208 2049 411 2115 hereditates
426 2053 468 2116 ad
485 2050 651 2116 masculos
674 2051 885 2118 confluerent
929 2051 987 2116 sed
1010 2051 1087 2134 quia
1108 2069 1187 2114 sane
1209 2049 1358 2132 iniquum

209 2165 280 2220 erat
295 2155 329 2218 in
344 2156 534 2220 universum
557 2175 613 2218 eas
635 2157 729 2239 quasi
750 2165 925 2220 extraneas
946 2154 1069 2238 repelli,
1090 2162 1222 2237 praetor
1237 2174 1293 2216 eas
1314 2153 1358 2218 ad

208 2257 372 2324 bonorum
397 2261 640 2342 possessionem
669 2261 819 2325 admittit
849 2281 888 2326 ea
917 2269 1020 2344 parte,
1044 2279 1111 2342 qua
1134 2258 1360 2341 proximitatis

209 2364 344 2426 nomine
365 2362 528 2428 bonorum
551 2365 794 2446 possessionem
817 2364 1009 2448 pollicetur:
1040 2384 1084 2428 ex
1107 2382 1173 2445 qua
1194 2369 1290 2444 parte
1312 2361 1360 2427 ita

209 2467 334 2532 scilicet
360 2467 590 2547 admittuntur,
609 2469 637 2532 si
661 2489 769 2552 neque
790 2471 956 2554 adgnatus
982 2468 1068 2532 ullus
1092 2487 1152 2531 nec
1176 2466 1360 2550 proximior

210 2581 372 2656 cognatus
394 2573 600 2638 interveniat.
654 2571 700 2637 Et
722 2573 805 2639 haec
827 2575 962 2658 quidem
987 2573 1045 2638 lex
1067 2571 1242 2637 duodecim
1265 2571 1368 2636 tabu·.

208 2675 316 2741 larum
354 2676 446 2741 nullo
484 2677 585 2742 modo
622 2677 816 2759 introduxit,
851 2679 910 2744 sed
948 2678 1193 2763 simplicitatem
1230 2675 1360 2758 legibus

209 2781 352 2845 amicam
367 2781 526 2864 amplexa
548 2781 647 2846 simili
670 2783 771 2848 modo
793 2805 909 2850 omues
931 2785 1094 2868 adgnatos
1111 2783 1181 2846 sive
1196 2779 1360 2845 masculos

208 2887 278 2950 sive
303 2885 444 2950 feminas
469 2887 705 2970 cuiuscumque
731 2890 853 2971 gradus
879 2890 922 2954 ad
948 2887 1198 2953 similitudinem
1225 2891 1359 2949 suoi-um

209 2991 350 3055 invicem
380 2991 423 3055 ad
453 2993 693 3056 successionem
720 2994 880 3062 vocabat:
922 2995 1032 3058 media
1061 3001 1173 3058 autem
1204 2990 1360 3074 iurispru-

210 3095 332 3171 dentia,
358 3116 443 3178 quae
467 3105 538 3161 erat
561 3096 635 3180 lege
663 3098 800 3180 quidem
826 3099 1003 3164 duodecim
1032 3097 1219 3163 tabularum
1246 3095 1360 3172 iunior,

210 3199 371 3283 imperiali
404 3210 516 3265 autem
554 3202 772 3286 dispositione
808 3204 961 3283 anterior,
993 3202 1178 3286 suptilitate
1214 3200 1359 3282 quadam

210 3305 402 3388 excogitata
429 3304 613 3388 praelatam
644 3305 864 3370 differentiam
893 3306 1072 3372 inducebat
1095 3314 1128 3370 et
1150 3305 1281 3388 penitus
1304 3323 1360 3367 eas

210 3429 231 3473 a
253 3411 459 3474 successione
487 3409 707 3494 adgnatorum
733 3410 923 3494 repellebat,
951 3411 1041 3476 omni
1066 3409 1132 3476 alia
1153 3405 1360 3472 successione

210 3511 387 3596 incognita,
409 3513 514 3578 donec
534 3523 713 3597 praetores
735 3513 895 3598 paulatim
917 3516 1130 3598 asperitatem
1156 3511 1235 3576 iuris
1257 3509 1360 3575 civilis

209 3618 410 3701 corrigentes
436 3619 505 3682 sive
530 3619 620 3701 quod
647 3619 743 3684 deest
767 3619 997 3704 adimplentes,
1019 3618 1165 3683 humano
1188 3615 1359 3701 proposito

209 3719 310 3785 alium
337 3723 487 3787 ordinem
520 3725 588 3788 suis
615 3723 731 3788 edictis
755 3725 954 3790 addiderunt
980 3734 1015 3791 et
1044 3722 1249 3806 cognationis
1273 3721 1360 3785 linea

209 3825 432 3908 proximitatis
462 3828 596 3891 nomine
626 3823 813 3893 introducta
839 3849 898 3912 per
926 3829 1089 3894 bonorum
1114 3827 1358 3912 possessionem

209 3947 266 3992 eas
289 3929 491 3994 adiuvabant
515 3940 549 3996 et
574 3929 816 4014 pollicebantur
840 3931 893 3996 his
918 3933 1080 3997 bonorum
1106 3930 1359 4014 possessionem,

209 4051 296 4114 quae
324 4033 413 4099 unde
436 4035 571 4118 cognati
597 4035 792 4120 appellatur.
837 4037 910 4101 Nos
935 4057 1014 4100 vero
1044 4035 1152 4118 legem
1182 4032 1359 4098 duodecim

209 4134 395 4199 tabularum
411 4147 587 4219 sequentes
602 4147 635 4202 et
651 4140 721 4203 eius
735 4139 875 4222 vestigia
893 4139 926 4202 in
940 4138 1003 4204 hac
1018 4147 1113 4222 parte
1128 4141 1358 4200 conservantes

208 4237 383 4303 laudamus
412 4241 547 4324 quidem
579 4251 749 4326 praetores
781 4263 866 4312 suae¹
893 4241 1116 4318 humanitatis,
1148 4259 1215 4302 non
1245 4247 1358 4302 tamen

244 4391 259 4459 ξ
274 4393 300 4446 8.
321 4391 384 4447 The
396 4393 456 4448 rule
469 4393 530 4448 that
542 4393 645 4448 female
658 4402 776 4462 agnates
789 4410 861 4448 were
873 4401 923 4447 not
936 4392 1054 4448 entitled
1066 4401 1097 4447 to
1109 4391 1230 4446 succeed
1242 4407 1275 4445 as
1287 4389 1357 4444 such

209 4472 320 4532 iimore
338 4476 475 4549 remotely
487 4476 596 4534 related
607 4485 638 4533 to
652 4477 700 4534 the
713 4476 853 4534 deceased
866 4477 935 4533 than
947 4493 979 4534 as
992 4475 1089 4533 sistere
1102 4491 1160 4532 nas
1172 4474 1227 4533 due
1240 4483 1270 4531 to
1282 4472 1358 4530 what
