3176 5022
234 329 335 398 Tit.7.]
446 335 448 338 '
469 327 530 382 DE
550 325 837 384 SUCCESSIONE
857 327 1143 386 LIBERTORUM.
1316 335 1381 407 359

278 491 443 576 Repetitis
460 491 573 576 itaque
586 491 739 556 omnibus
754 511 841 575 quae
859 491 925 557 iam
942 493 1138 558 tradidimus
1157 501 1296 576 apparet
1317 513 1383 558 non
1398 497 1428 551 11

234 616 365 678 semper
383 616 450 671 eos,
474 597 531 678 qui
553 615 668 679 parem
690 595 831 678 gradum
852 596 1061 678 cognationis
1082 597 1242 679 optinent,
1262 598 1384 680 pariter

232 701 341 764 vocari
372 719 478 782 eoque
504 698 646 782 amplius
677 718 738 764 nec
768 720 845 764 eurn
872 701 1015 782 quidem,
1042 701 1099 783 qui
1129 701 1312 783 proximior
1341 701 1384 766 sit

232 811 402 884 cognatus,
426 823 556 885 semper
578 803 742 885 potiorem
764 823 846 868 esse.
884 823 960 868 cum
983 803 1071 868 enim
1094 805 1200 886 prima
1222 823 1321 868 causa
1341 804 1384 870 sit

233 927 367 971 suorum
397 905 557 970 heredum
586 927 736 989 quosque
757 907 843 972 inter
865 927 943 973 suos
962 905 1100 972 heredes
1124 909 1189 972 iam
1213 928 1384 972 enumera·

232 1010 349 1084 vimus,
365 1019 503 1093 apparet
525 1019 741 1092 pronepotem
756 1009 809 1076 vel
830 1009 1032 1096 abnepotem
1053 1011 1199 1076 defuncti
1221 1012 1401 1095 potiorem·

233 1133 307 1178 esse
335 1133 437 1196 quam
466 1113 601 1176 fratrem
631 1124 689 1179 aut
723 1123 854 1196 patrem
884 1123 1091 1197 matremque
1123 1113 1277 1192 defuncti,
1306 1133 1383 1178 curn

232 1216 380 1298 alioquin
399 1226 496 1300 pater
509 1217 644 1300 quidem
668 1226 702 1282 et
723 1227 838 1296 mater,
853 1227 890 1284 ut
910 1239 1009 1302 supra
1027 1237 1159 1301 quoque
1178 1218 1383 1296 tradidimus,

232 1321 374 1402 primum
390 1321 531 1403 gradum
555 1321 761 1404 cognationis
781 1321 965 1404 optineant,
980 1321 1081 1386 frater
1094 1342 1173 1388 vero
1192 1321 1382 1398 secundum,

231 1443 397 1507 pronepos
412 1434 525 1489 autem
546 1426 644 1490 tertio
664 1426 769 1509 gradu
793 1427 837 1490 sit
857 1436 1018 1508 cognatus
1033 1435 1067 1490 et
1082 1426 1229 1509 abnepos
1244 1435 1382 1510 quarto:

233 1548 293 1592 nec
309 1529 456 1603 interest,
474 1529 507 1592 in
528 1537 695 1611 potestate
714 1531 883 1594 morientis
905 1529 1003 1596 fuerit
1022 1549 1065 1594 an
1086 1551 1152 1594 non
1170 1528 1276 1608 fuerit,
1292 1529 1382 1611 quod

231 1631 285 1696 vel
312 1633 540 1715 emancipatus
568 1634 622 1698 vel
652 1655 696 1698 ex
723 1635 932 1717 emancipato
956 1642 1014 1700 aut
1040 1655 1085 1700 ex
1110 1633 1269 1698 feminino
1298 1655 1382 1698 sexu

232 1747 434 1819 propagatus
450 1747 510 1804 est.
555 1737 692 1804 Amotis
707 1759 840 1821 quoque
857 1739 925 1804 suis
940 1738 1117 1804 heredibus
1134 1758 1284 1822 quosque
1298 1739 1383 1802 inter
1398 1747 1430 1802 12

232 1861 309 1904 suos
343 1841 482 1906 heredes
513 1843 624 1906 vocari
654 1843 810 1921 diximus,
839 1844 1013 1926 adgnatus,
1042 1843 1099 1926 qui
1132 1843 1297 1925 integrum
1332 1841 1382 1906 ius

231 1944 443 2027 adgnationis
465 1945 579 2020 habet,
606 1945 735 2012 etiamsi
760 1946 952 2029 longissimo
978 1947 1083 2029 gradu
1109 1947 1161 2020 sit,
1187 1945 1383 2028 plerumque

232 2049 342 2130 potior
361 2047 501 2114 habetur
520 2069 621 2133 quam
643 2050 826 2131 proximior
846 2059 1026 2134 cognatus:
1049 2069 1128 2114 nam
1151 2051 1260 2130 patrui
1278 2069 1382 2130 nepos

231 2150 283 2214 vel
298 2171 463 2236 pronepos
477 2152 640 2218 avunculo
651 2153 704 2216 vel
721 2162 916 2218 materterae
931 2151 1119 2236 praefertur.
1150 2152 1272 2216 totiens
1284 2151 1383 2233 igitur

232 2254 371 2320 dicimus
393 2265 452 2320 aut
474 2259 638 2339 potiorem
659 2256 773 2322 haberi
800 2278 876 2322 eum
902 2257 959 2340 qui
981 2257 1219 2340 proximiorem
1241 2257 1382 2338 gradum

231 2360 438 2442 cognationis
461 2361 599 2443 optinet,
627 2372 686 2427 aut
712 2361 835 2444 pariter
857 2361 967 2428 vocari
990 2362 1125 2444 eosqui
1151 2361 1284 2444 cognati
1306 2361 1381 2437 sint,

230 2463 383 2545 quotiens
418 2485 526 2547 neque
561 2485 696 2529 suorum
732 2464 892 2530 here'dum
928 2467 997 2529 iure
1031 2465 1153 2548 quique
1188 2465 1274 2526 inter
1305 2483 1383 2528 suos

230 2565 369 2632 heredes
391 2578 470 2633 sunt
492 2588 600 2651 neque
622 2569 833 2651 adgnationis
855 2569 924 2634 iure
944 2567 1063 2651 aliquis
1085 2566 1239 2651 praeferri
1261 2565 1383 2630 debeat

230 2671 413 2734 secundum
430 2691 469 2734 ea
484 2691 570 2754 quae
585 2673 791 2751 tradidimus,
807 2673 957 2756 exceptis
971 2671 1071 2736 fratre
1093 2681 1127 2735 et
1145 2689 1256 2734 sorore
1271 2687 1384 2732 eman·

230 2774 356 2856 cipatis,
379 2775 436 2858 qui
466 2776 509 2840 ad
540 2777 782 2841 successionem
808 2777 946 2842 fratrum
968 2774 1022 2840 vel
1046 2794 1193 2839 sororum
1215 2782 1383 2850 vocantur,

229 2880 286 2960 qui
313 2889 348 2944 et
374 2880 401 2944 si
432 2880 542 2963 capite
568 2881 730 2946 deminuti
761 2891 847 2959 sunt,
876 2892 989 2947 tamen
1015 2878 1242 2964 praeferuntur
1268 2877 1383 2942 ceteris

230 2981 392 3048 ulterioris
406 2986 527 3068 gradus
542 2985 708 3069 adgnatis.

767 3208 847 3272 VII.

510 3385 560 3436 ns
584 3383 830 3436 successmus
853 3383 1106 3438 LIBERTORUM.

273 3535 372 3599 Nunc
399 3534 442 3598 de
462 3533 656 3598 libertorum
676 3533 772 3597 bonis
791 3532 974 3598 videamus.
1027 3531 1107 3597 olim
1127 3531 1241 3614 itaque
1258 3531 1382 3598 licebat

232 3639 350 3703 liberto
374 3649 550 3722 patronum
574 3659 671 3702 suum
695 3639 829 3720 impune
855 3647 1057 3703 testamento
1084 3638 1280 3721 praeterire:
1304 3658 1383 3702 nam

230 3743 277 3807 ita
301 3744 436 3832 demum
459 3743 516 3806 lex
543 3742 718 3808 duodecim
745 3741 934 3807 tabularum
958 3742 1001 3806 ad
1027 3743 1246 3806 hereditatem
1273 3741 1381 3806 liberti

229 3847 370 3912 vocabat
394 3857 580 3930 patronum,
604 3847 631 3911 si
654 3848 830 3911 intestatus
853 3855 1003 3911 mortuus
1022 3855 1110 3910 esset
1132 3845 1269 3910 libertus
1290 3845 1381 3910 nullo

230 4035 359 4092 nationes
372 4053 429 4092 non
442 4036 601 4106 pertinent.’
625 4036 671 4091 On
685 4037 732 4092 the
745 4036 827 4092 other
839 4035 926 4104 hand,
941 4035 1047 4106 Ulpian
1060 4051 1125 4104 says
1140 4035 1218 4104 (Dig.
1231 4046 1322 4103 50.17.
1334 4033 1379 4102 3²)

230 4117 324 4189 ‘quod
342 4119 442 4174 attinet
455 4119 492 4174 ad
510 4119 553 4174 ius
566 4119 656 4188 civile,
670 4118 742 4174 servi
755 4135 807 4188 pro
819 4117 903 4172 nullis
915 4118 1056 4173 habentur
1069 4136 1075 4172 :
1093 4133 1151 4170 non
1166 4127 1262 4172 tamen
1279 4125 1308 4170 et
1321 4115 1380 4171 iure

228 4202 348 4257 naturali
357 4222 368 4274 3
393 4203 467 4274 quia,
487 4203 563 4274 quod
582 4203 620 4258 ad
639 4201 681 4256 ius
700 4202 828 4257 naturale
846 4200 956 4270 attinet,
975 4217 1074 4255 omnes
1094 4199 1225 4254 homines
1247 4199 1380 4269 aequales

228 4287 311 4340 suut’
347 4286 417 4340 'Ibis
430 4303 468 4342 no
481 4287 570 4342 doubt
586 4285 611 4340 is
630 4285 685 4340 due
702 4296 731 4339 to
744 4284 788 4338 his
802 4283 965 4338 distinction
978 4284 1106 4339 between
1124 4283 1172 4338 the
1191 4282 1234 4336 ius
1252 4281 1379 4351 gentium

229 4368 287 4422 and
304 4369 353 4423 the
372 4368 415 4424 ius
433 4370 577 4435 naturale;
596 4385 644 4424 see
658 4385 695 4422 on
709 4367 760 4423 Bk.
775 4366 792 4421 i.
809 4382 830 4420 1.
843 4380 869 4434 4,
883 4365 920 4421 ib.
934 4381 958 4420 2.
971 4382 1013 4435 pr.
1026 4383 1101 4436 supr.
1137 4363 1301 4435 Justinian’s
1316 4381 1379 4419 own

228 4461 405 4510 enactments
417 4452 542 4511 referred
554 4462 583 4508 to
596 4451 625 4507 iu
638 4451 694 4508 this
707 4449 816 4507 section
829 4467 877 4506 are
886 4449 919 4505 in
934 4449 1004 4506 Cod.
1017 4449 1041 4504 6.
1055 4461 1096 4520 57.
1106 4448 1123 4504 6
1135 4467 1142 4519 3
1161 4448 1185 4504 6.
1199 4461 1224 4517 4
1238 4462 1264 4515 4,
