3176 5022
216 287 280 355 286
420 296 494 353 INS
497 295 569 352 TIT
570 297 627 352 UT
623 295 770 352 IONUM
787 295 908 352 LIBRI
926 296 1161 369 QUATTUOR.
1254 297 1320 364 [le.
1330 303 1366 354 11.

217 471 268 526 est
284 483 360 526 eum
379 462 613 542 manumiserit,
628 469 759 528 tenetur
778 462 883 540 heres,
900 463 1050 546 quamvis
1070 462 1269 546 ignoraverit
1289 482 1309 526 a
1329 481 1365 525 se

217 587 294 630 eum
309 566 457 650 legatum
473 587 554 631 esse.
599 565 637 631 Si
656 567 729 649 quis
747 567 883 630 ancillas
902 587 979 630 cum
999 567 1066 630 suis
1090 566 1174 631 natis
1196 566 1364 648 legaverit,

218 672 349 734 etiamsi
371 670 510 736 ancillae
529 679 680 735 mortuae
699 670 829 747 fuerint,
846 681 958 754 partus
973 671 1084 754 legato
1099 671 1231 735 cedunt.
1275 671 1365 734 idem

218 783 277 850 est,
294 773 321 838 si
337 774 491 838 ordinarii
506 775 590 838 servi
606 795 680 838 cum
694 775 821 840 vicariis
836 775 937 858 legati
952 774 1081 848 fuerint,
1094 784 1139 852 ut,
1150 774 1229 839 licet
1244 773 1366 838 mortui

171 884 205 936 17
218 877 284 940 sint
299 877 461 954 ordinarii,
478 885 591 942 tamen
605 878 716 942 vicarii
736 879 847 960 legato
870 879 998 943 cedant.
1044 878 1103 942 sed
1118 877 1146 941 si
1161 898 1274 941 servus
1289 897 1365 941 cum

108 1025 114 1038 ·
217 982 348 1064 peculio
364 981 461 1046 fuerit
476 981 614 1066 legatus,
628 991 759 1047 mortuo
770 1003 865 1048 servo
875 983 928 1047 vel
941 983 1143 1046 manumisso
1154 983 1207 1046 vel
1222 982 1366 1046 alienato

218 1097 252 1151 ct
267 1086 385 1169 peculii
401 1087 549 1170 legatum
564 1087 778 1171 extinguitur.
823 1088 911 1152 idem
927 1096 987 1162 est,
1004 1088 1031 1150 si
1051 1086 1171 1150 fundus
1189 1087 1366 1151 instructus

216 1191 270 1253 vel
293 1210 368 1254 cum
393 1190 611 1255 instrumento
637 1190 765 1274 legatus
789 1191 907 1255 fuerit:
939 1211 1016 1255 nam
1041 1190 1142 1254 fundo
1166 1190 1310 1254 alienato
1332 1199 1367 1254 et

172 1301 205 1356 18
218 1296 426 1360 instrumenti
441 1293 590 1378 legatum
607 1296 820 1379 extinguitur.
866 1295 902 1361 Si
919 1315 1003 1379 grex
1019 1295 1149 1379 legatus
1164 1295 1260 1360 fuerit
1276 1304 1367 1377 post·

218 1417 323 1480 eaque
346 1399 389 1462 ad
414 1419 515 1462 unam
540 1419 636 1462 ovem
661 1400 855 1483 pervenerit,
877 1399 967 1482 quod
990 1399 1187 1482 superfuerit
1208 1398 1367 1462 vindicari

218 1511 339 1586 potest.
385 1500 495 1584 Grege
517 1511 630 1567 autem
650 1502 763 1586 legato
779 1504 879 1568 etiam
898 1523 954 1566 eas
968 1523 1056 1578 oves,
1073 1521 1158 1583 quae
1173 1511 1251 1584 post
1265 1509 1367 1566 testa·

220 1616 369 1672 mentum
388 1604 513 1670 factum
535 1608 627 1692 gregi
648 1609 844 1684 adiciuntur,
860 1609 972 1690 legato
993 1608 1109 1672 cedere
1132 1606 1279 1670 Iulianus
1301 1605 1366 1670 ait:

220 1730 292 1774 esse
307 1711 396 1774 enim
411 1711 519 1794 gregis
539 1731 641 1774 unum
663 1732 782 1795 corpus
803 1733 848 1775 ex
868 1712 1068 1776 distantibus
1083 1712 1255 1793 capitibus
1272 1711 1368 1775 sicuti

173 1823 207 1878 19
220 1814 352 1878 aedium
367 1834 469 1877 unum
484 1833 602 1897 corpus
617 1824 669 1879 est
689 1835 734 1878 ex
756 1815 1008 1880 cohaerentibus
1022 1814 1208 1896 lapidibus:
1230 1814 1368 1878 aedibus

220 1919 364 2000 denique
379 1918 497 2002 legatis
513 1919 684 1983 columnas
699 1927 734 1984 et
750 1939 923 1998 marmora,
938 1939 1024 2001 quae
1039 1929 1115 2002 post
1130 1927 1368 1983 testamentum

219 2020 344 2087 factum
374 2023 505 2088 adiecta
533 2032 618 2102 sunt,
644 2022 755 2106 legato
784 2025 911 2088 cedere.
958 2021 995 2088 Si
1025 2021 1191 2105 peculium
1219 2021 1368 2104 legatum

171 2126 327 2204 20fuerit,
355 2127 424 2191 sine
450 2127 551 2192 dubio
574 2128 735 2210 quidquid
761 2128 890 2212 peculio
913 2127 1043 2192 accedit
1064 2126 1116 2191 vel
1142 2127 1275 2190 decedit
1293 2126 1368 2190 vivo

220 2240 389 2306 testatore,
406 2230 554 2314 legatarii
574 2231 664 2295 lucro
679 2231 732 2297 vel
754 2233 877 2296 damno
897 2241 956 2296 est
993 2231 1112 2312 quodsi
1130 2239 1207 2313 post
1227 2238 1369 2293 mortem

219 2335 387 2400 testatoris
403 2345 481 2400 ante
496 2335 622 2401 aditam
637 2335 857 2402 hereditatem
874 2355 986 2400 servus
1002 2333 1204 2418 adquisierit,
1222 2332 1369 2398 Iulianus

256 2584 270 2657 ξ
284 2587 327 2644 17.
346 2587 409 2641 The
421 2583 583 2656 opposition
601 2584 634 2639 of
642 2582 800 2639 ordinarius
813 2593 843 2639 to
855 2583 952 2639 vicarii
969 2585 1043 2639 servi
1060 2583 1085 2639 is
1097 2584 1186 2640 found
1202 2583 1231 2639 in
1245 2583 1311 2654 Dig.
1328 2597 1367 2650 14

219 2685 246 2738 4.
261 2683 283 2740 5.
301 2685 334 2736 13
355 2682 393 2739 15.
410 2685 431 2724 1.
449 2682 489 2737 17,
502 2667 538 2723 ib.
556 2683 594 2738 19·
608 2685 649 2738 pr.
686 2668 749 2722 The
764 2667 868 2723 former
880 2683 937 2722 vas
950 2685 968 2722 a
980 2669 1058 2724 slave
1070 2667 1188 2738 holding
1205 2683 1284 2722 some
1301 2666 1368 2720 deti·

220 2753 279 2808 nite
294 2762 358 2823 post
378 2753 406 2807 in
424 2751 469 2806 his
489 2752 616 2806 masters
634 2750 800 2820 household,
818 2751 867 2806 the
885 2751 969 2806 latter
985 2768 1058 2807 were
1076 2749 1121 2806 his
1139 2750 1298 2819 assistants,
1311 2749 1369 2804 and

220 2837 330 2906 usually
348 2835 458 2890 formed
475 2845 538 2905 part
557 2834 591 2889 of
603 2833 648 2888 his
670 2833 828 2904 peculium:
854 2833 883 2888 in
902 2835 967 2904 fact,
986 2851 1004 2890 a
1028 2836 1106 2890 slave
1127 2835 1205 2890 often
1225 2834 1333 2904 bought
1351 2848 1370 2887 a

220 2918 341 2974 vicarius
360 2919 427 2973 with
448 2927 511 2989 part
533 2918 565 2972 of
579 2917 624 2972 his
645 2917 786 2988 peculium
804 2927 834 2973 to
852 2917 959 2987 lighten
981 2917 1025 2972 his
1043 2934 1107 2972 own
1125 2917 1226 2987 duties,
1247 2918 1368 2986 Horace,

222 3005 280 3059 Sat
296 3017 319 3058 2.
333 3015 358 3069 7.
372 3015 422 3072 793
439 3003 484 3056 for
495 3002 543 3056 the
557 3001 647 3057 whole
659 3001 768 3071 subject
781 3019 807 3055 ν.
821 3001 952 3056 Becker's
966 3002 1073 3057 Gallus.

258 3087 315 3141 For
332 3086 381 3140 the
399 3085 550 3141 difference
568 3085 695 3140 between
717 3083 869 3140 instructus
888 3085 945 3140 and
964 3102 1030 3139 cum
1048 3083 1234 3142 instrumento
1253 3084 1288 3140 cf.
1303 3083 1369 3153 Dig.

221 3186 265 3241 33.
278 3183 302 3239 7.
319 3186 359 3225 12.
373 3185 405 3238 27
420 3171 497 3241 ‘plus
511 3187 583 3238 esse,
595 3186 660 3224 cum
678 3167 830 3224 instructus
848 3168 952 3223 fundus
969 3169 1085 3238 legetur,
1099 3185 1185 3240 quam
1202 3168 1225 3222 si
1244 3185 1309 3222 cum
1328 3167 1369 3222 in·

221 3265 393 3312 strumento:
406 3296 414 3311 .
429 3295 435 3308 .
449 3293 457 3308 .
469 3253 574 3322 omnia,
593 3270 666 3325 quae
685 3270 719 3307 eo
734 3253 838 3308 collata
857 3261 931 3322 sunt,
950 3262 980 3307 ut
999 3251 1161 3307 instructior
1182 3261 1258 3306 esset
1276 3261 1370 3322 pater·

221 3339 352 3406 familias,
365 3338 501 3392 instructo
518 3335 672 3405 contineri,’
685 3335 722 3390 ib.
735 3351 776 3405 pr.
790 3335 1024 3390 ‘instrumentum
1043 3333 1144 3406 [fundi]
1159 3344 1202 3390 est
1218 3345 1370 3405 apparatus

221 3439 315 3477 rerum
334 3421 438 3476 diutius
457 3436 661 3488 mansurarum,
674 3418 736 3474 sine
754 3417 856 3490 quibus
872 3419 995 3474 exerceri
1015 3419 1144 3490 nequiret
1159 3417 1320 3489 possessio,'
1331 3418 1368 3473 ib.

225 3505 265 3560 16.
278 3521 320 3575 pr.
341 3504 429 3559 ‘inter
449 3503 665 3558 instrumentum
687 3511 715 3557 et
740 3510 938 3556 ornamentum
961 3502 1081 3556 multum
1102 3501 1246 3570 interesse,
1269 3501 1370 3556 instru-

222 3587 310 3644 menti
323 3588 399 3641 enim
412 3603 447 3641 ea
458 3603 530 3654 esse,
540 3603 613 3656 quae
625 3585 664 3639 ad
675 3585 792 3640 tutelam
805 3584 906 3640 domus
924 3585 1104 3655 pertinerent,
1117 3584 1284 3654 omamenti‚
1298 3601 1370 3655 quae

222 3670 260 3726 ad
273 3669 463 3738 voluptatem'
500 3669 579 3722 Thus
593 3667 826 3723 ‘instrumentum
844 3667 976 3722 involved
994 3669 1043 3723 the
1062 3668 1127 3723 idea
1142 3669 1175 3721 of
1189 3685 1207 3722 a
1225 3684 1324 3722 means
1340 3675 1370 3722 to

221 3771 259 3808 an
273 3752 338 3820 end,
350 3753 400 3806 but
418 3751 480 3807 that
493 3751 549 3806 end
562 3767 619 3806 was
636 3760 666 3805 to
678 3761 725 3820 get
744 3752 792 3806 the
809 3768 859 3806 use
878 3752 910 3806 of
919 3753 967 3806 the
986 3752 1070 3820 land;
1088 3751 1110 3806 it
1128 3751 1177 3806 did
1190 3760 1240 3806 not
1259 3750 1370 3806 include

222 3835 381 3891 household
393 3834 536 3890 sumiture.
563 3834 679 3889 Fundus
692 3834 853 3904 instructus,
863 3836 999 3904 although
1012 3835 1091 3890 there
1104 3851 1162 3888 was
1174 3851 1254 3888 some
1264 3833 1371 3902 variety

222 3919 255 3974 of
264 3918 380 3991 opinion
399 3936 436 3973 on
449 3919 497 3974 the
516 3917 633 3988 subject,
646 3935 739 3973 seems
757 3928 787 3973 to
805 3918 878 3974 have
897 3918 970 3973 been
988 3917 1158 3974 considered
1176 3934 1207 3972 as
1227 3915 1371 3986 including

222 4013 273 4058 not
298 4004 365 4072 only
383 4003 608 4071 instrumentum,
628 4001 679 4056 but
704 4001 871 4071 everything
894 4001 1033 4072 prepared
1057 4001 1101 4056 for
1122 4002 1171 4056 the
1195 4000 1315 4055 comfort
1339 4015 1371 4052 or

222 4089 352 4158 pleasure
372 4087 404 4140 of
417 4087 466 4142 the
483 4102 585 4140 owner.
622 4085 699 4140 Such
712 4101 730 4140 a
741 4085 848 4155 legacy,
861 4085 1009 4154 therefore,
1023 4085 1150 4140 includes
1169 4085 1218 4139 the
1236 4082 1372 4137 sumiture

222 4171 257 4226 of
272 4172 321 4226 the
340 4169 510 4238 farmhouse,
532 4169 580 4224 the
601 4169 718 4237 clothes,
739 4167 815 4238 gold,
836 4167 928 4237 silver,
949 4167 1030 4236 wine,
1050 4168 1107 4223 and
1128 4166 1246 4223 utensils
1271 4166 1303 4220 of
1323 4167 1372 4221 the

224 4263 350 4323 testator,
369 4254 430 4309 also
448 4253 497 4308 the
516 4251 654 4308 domestic
673 4253 774 4318 slaves,
792 4251 841 4306 the
858 4251 950 4306 books
972 4251 1030 4306 and
1051 4251 1164 4322 library,
1182 4252 1233 4306 but
1252 4259 1303 4306 not
1323 4249 1372 4304 the

223 4354 292 4409 crop
304 4337 392 4406 ready
404 4337 447 4392 for
458 4336 507 4391 the
520 4336 646 4391 market.³
683 4337 803 4405 Huuter,
817 4335 929 4390 Roman
944 4337 1010 4390 Lan
1021 4351 1049 4406 p.
1062 4349 1122 4404 723.

261 4419 275 4492 ᾖ
289 4423 340 4476 20.
360 4419 430 4476 Dies
443 4417 518 4476 cedit
531 4419 626 4476 maris
639 4419 688 4476 the
701 4417 944 4475 commerlcement
962 4419 995 4474 of
1006 4436 1024 4475 a
1038 4417 1122 4490 right,
1135 4435 1167 4474 or
1179 4417 1229 4475 the
1245 4425 1372 4473 moment
