3166 5022
219 287 281 370 278
419 291 770 350 INSTITUTIONUM
785 289 905 345 LIBRI
924 288 1161 362 QUATTUOR.
1258 289 1322 354 [Lib.
1335 295 1367 344 ll.

216 459 312 525 heres
327 468 529 525 testamento
544 458 714 524 institutus
725 465 784 522 aut
796 456 838 520 ab
850 453 1008 520 intestato
1019 455 1064 519 ad
1075 454 1258 537 legitimam
1274 455 1366 519 here-

218 565 358 629 ditatem
374 573 510 628 vocatus
525 571 636 647 potest
651 570 709 625 aut
724 575 784 644 pro
799 559 921 624 herede
931 559 1078 642 gerendo
1090 558 1142 622 vel
1161 559 1263 622 etiam
1278 559 1368 622 nuda

217 665 389 731 voluntate
419 667 646 748 suscipiendae
675 665 868 729 hereditatis
897 662 992 726 heres
1022 661 1103 725 fieri.
1154 682 1215 745 pro
1245 661 1367 726 herede

198 779 330 834 ‘autem
346 789 459 853 gerere
474 770 547 852 quis
558 769 695 842 videtur,
710 768 737 832 si
752 766 849 831 rebus
864 765 1070 830 hereditariis
1086 777 1258 848 tamquam
1273 766 1367 832 heres

217 883 329 938 utatur
347 873 401 937 vel
423 872 598 937 vendendo
620 891 671 936 res
690 869 903 934 hereditarias
925 881 983 934 aut
1004 870 1140 952 praedia
1159 869 1299 934 colendo
1319 870 1368 934 lo·

217 977 365 1041 candove
382 987 422 1042 et
443 996 578 1060 quoquo
598 975 698 1038 modo
717 975 744 1038 si
759 973 964 1039 voluntatem
985 993 1081 1038 suam
1098 973 1245 1038 declaret
1259 972 1312 1037 vel
1334 995 1368 1037 re

216 1078 268 1143 vel
284 1081 391 1144 verbis
406 1081 448 1145 de
463 1079 617 1144 adeunda
631 1077 823 1154 hereditate,
834 1077 1016 1141 dummodo
1031 1078 1115 1142 sciat
1130 1097 1216 1153 eum,
1227 1078 1260 1140 in
1276 1078 1368 1142 cuius

217 1183 313 1247 bonis
340 1204 400 1266 pro
424 1183 545 1247 herede
569 1183 663 1264 gerit,
688 1191 810 1246 testato
840 1181 1039 1246 intestatove
1065 1181 1187 1244 obiisse
1214 1189 1248 1246 et
1271 1201 1307 1245 se
1337 1182 1368 1245 ei

218 1287 376 1352 heredem
392 1308 473 1352 esse.
508 1308 569 1370 pro
585 1285 708 1350 herede
723 1287 811 1350 enim
824 1304 936 1366 gerere
951 1295 1003 1358 est
1011 1305 1071 1368 pro
1087 1286 1222 1350 domino
1237 1305 1367 1370 gerere:

218 1401 346 1457 veteres
368 1393 457 1455 enirn
480 1391 619 1456 heredes
643 1411 703 1474 pro
725 1390 869 1454 dominis
890 1389 1113 1473 appellabant.
1147 1392 1232 1455 sicut
1254 1401 1367 1455 autem

219 1494 307 1558 nuda
318 1494 490 1560 voluntate
502 1506 680 1559 extraneus
693 1493 789 1558 heres
805 1493 851 1568 fit,
862 1494 908 1558 ita
920 1505 954 1558 et
968 1495 1131 1559 contraria
1146 1494 1368 1559 destinatione

219 1599 333 1662 statim
355 1599 398 1662 ab
420 1598 604 1664 hereditate
627 1597 806 1680 repellitur.
844 1618 929 1676 eum,
954 1598 1011 1680 qui
1038 1607 1149 1662 mutus
1171 1597 1224 1660 vel
1250 1598 1368 1661 surdus

219 1711 315 1766 natus
330 1711 380 1767 est
395 1701 447 1766 vel
463 1712 579 1784 postea
592 1701 707 1776 factus,
724 1700 805 1765 nihil
820 1701 973 1784 prohibet
990 1722 1049 1784 pro
1066 1701 1188 1764 herede
1203 1722 1315 1784 gerere
1333 1713 1367 1766 et

218 1805 389 1887 adquirere
404 1805 467 1869 sibi
481 1803 707 1884 hereditatem,
723 1807 749 1871 si
765 1817 877 1871 tamen
893 1805 1055 1888 intellegit
1069 1805 1160 1888 quod
1175 1806 1295 1888 agitur.

755 2052 833 2118 XX.

674 2231 723 2286 nn
747 2228 914 2282 cnonrrs.

264 2381 344 2446 Post
359 2381 441 2447 haec
456 2382 627 2447 videamus
643 2381 686 2445 de
708 2379 836 2462 legatis.
880 2399 966 2462 quae
981 2399 1057 2461 pars
1078 2379 1156 2442 iuris
1178 2389 1275 2444 extra
1293 2401 1367 2464 pro-

220 2485 364 2566 positam
379 2486 514 2568 quidem
531 2484 704 2550 materiam
719 2485 869 2548 videtur:
893 2503 971 2547 nam
987 2483 1152 2566 loquimur
1167 2485 1210 2547 de
1224 2484 1276 2548 his
1290 2485 1367 2548 iuris

219 2586 340 2669 figuris,
355 2589 473 2670 quibus
499 2609 558 2672 per
579 2587 826 2652 universitatem
849 2607 900 2650 res
924 2587 1019 2651 nobis
1038 2587 1264 2668 adquiruntur.
1308 2589 1366 2652 sed

217 2709 293 2754 cum
312 2692 447 2756 omnino
469 2693 512 2756 de
531 2692 740 2757 testamentis
761 2691 868 2773 deque
888 2690 1063 2754 heredibus
1082 2691 1139 2772 qui
1162 2700 1365 2756 testamento

218 2795 433 2861 instituuntur
447 2797 548 2861 locuti
563 2817 686 2872 sumus,
703 2815 769 2859 non
790 2796 860 2858 sine
881 2815 980 2859 causa
1002 2795 1153 2879 sequenti
1169 2794 1242 2860 loco
1257 2803 1368 2879 potest

219 2899 302 2965 haec
318 2901 395 2964 iuris
411 2901 549 2966 materia
564 2901 709 2966 tractari.

220 3082 402 3153 inheritance,
415 3085 523 3156 though
540 3084 637 3140 before
652 3085 702 3140 the
720 3084 856 3140 abolition
875 3085 908 3140 of
922 3085 1062 3142 cretiones
1076 3087 1154 3155 (note
1171 3085 1237 3157 on}
1254 3098 1267 3156 5
1281 3084 1367 3156 supr.)

220 3167 356 3222 aformal
376 3177 547 3239 acceptance
569 3167 660 3238 might
681 3169 754 3225 have
775 3169 848 3224 been
868 3167 999 3241 required
1020 3170 1059 3241 by
1075 3171 1124 3226 the
1142 3179 1269 3225 testator.
1305 3171 1368 3224 Tbe

219 3269 296 3308 mere
315 3251 455 3307 intention
475 3263 506 3308 to
527 3263 636 3324 accept,
653 3253 791 3324 provided
809 3253 830 3308 it
849 3270 907 3308 vas
928 3253 1084 3310 evidenced
1101 3255 1141 3324 by
1153 3254 1245 3310 words
1263 3271 1295 3308 or
1307 3263 1367 3308 acts

220 3335 283 3407 (pro
303 3335 408 3392 herede
427 3336 540 3408 gestio),
559 3355 616 3393 was
638 3338 784 3396 sufficient.
824 3339 850 3392 lt
869 3337 960 3407 might
981 3347 1039 3407 not,
1060 3338 1199 3408 however,
1217 3339 1255 3392 be
1266 3337 1367 3408 partial

220 3421 240 3489 (⁸
249 3419 301 3476 sed
319 3429 347 3475 et
364 3419 388 3475 si
405 3419 468 3491 quis
481 3438 515 3476 ex
527 3420 654 3492 pluribus
666 3421 792 3492 partibus
808 3420 837 3475 in
852 3420 980 3476 eiusdem
995 3421 1153 3477 hereditate
1166 3420 1310 3476 institutus
1322 3420 1367 3490 sit,

218 3521 276 3559 non
288 3514 382 3575 potest
395 3505 535 3575 quasdam
547 3515 643 3576 partes
655 3504 811 3576 repudiare,
825 3504 964 3575 quasdam
976 3507 1146 3575 agnoscere’
1160 3505 1226 3574 Dig.
1240 3518 1283 3573 29.
1293 3519 1316 3558 a
1331 3503 1368 3573 2),

218 3603 251 3641 or
263 3587 444 3654 conditional,
457 3589 501 3642 for
517 3588 682 3643 hereditatis
700 3587 789 3642 aditio
807 3605 865 3643 was
883 3605 921 3643 an
939 3597 1020 3644 actus
1039 3588 1201 3659 legitimus:
1220 3587 1290 3642 ‘sed
1302 3596 1330 3642 et
1344 3586 1367 3642 si

218 3669 281 3740 quis
295 3669 335 3724 ita
347 3669 455 3739 dixerit,
468 3670 492 3724 si
505 3671 642 3726 solvendo
658 3671 801 3726 hereditas
820 3681 872 3740 est,
891 3673 964 3727 adeo
982 3672 1178 3740 hereditatem,
1190 3672 1268 3724 nulla
1280 3669 1368 3726 aditio

217 3754 276 3808 est’
291 3752 356 3822 Dig.
370 3753 407 3808 ib.
423 3765 462 3822 51.
477 3767 502 3808 2.
540 3754 602 3807 Nor
622 3754 706 3809 could
727 3754 816 3809 aditio
835 3755 914 3810 itself
930 3755 968 3810 be
989 3755 1074 3811 made
1096 3773 1133 3809 on
1155 3754 1255 3809 behalf
1269 3754 1303 3808 of
1319 3755 1368 3808 the

218 3835 362 3892 institutus
375 3836 413 3905 by
425 3852 462 3891 an
475 3845 575 3906 agent:
592 3835 762 3907 ‘respondit
772 3855 823 3908 per
834 3848 1045 3908 procuratorem
1057 3837 1245 3893 hereditatem
1257 3835 1367 3907 adquiri

218 3938 276 3976 non
289 3921 389 3991 posse’
402 3919 469 3990 Dig.
482 3919 519 3975 ib.
533 3935 577 3991 90,
589 3921 698 3991 though
710 3921 767 3976 this
780 3922 839 3976 rule
852 3921 992 3978 admitted
1006 3921 1040 3975 of
1051 3921 1215 3992 exceptione
1228 3920 1258 3975 in
1270 3921 1369 3975 favour

219 4007 253 4064 of
263 4007 374 4080 juristic
392 4023 520 4078 persons,
534 4007 602 4078 Dig.
615 4008 658 4076 36.
675 4023 696 4062 1.
709 4008 734 4064 6.
748 4023 773 4077 4,
787 4008 900 4078 infanta,
915 4009 986 4064 Cod.
998 4009 1024 4066 6.
1037 4024 1081 4078 30.
1097 4011 1137 4065 18.
1150 4027 1201 4080 pr,
1213 4007 1272 4062 and
1287 4008 1368 4063 those

219 4092 252 4147 of
266 4092 346 4148 weak
364 4091 499 4161 intellect,
515 4093 586 4148 Cod.
604 4105 628 4162 5.
643 4105 667 4160 7.
685 4106 727 4160 70.
746 4109 797 4163 pr.,
814 4093 872 4147 and
890 4093 939 4148 the
957 4092 1131 4149 declaration
1149 4093 1183 4148 of
1196 4101 1368 4162 acceptance

219 4175 310 4247 might
327 4177 364 4232 be
381 4175 467 4232 made
484 4176 524 4247 by
540 4193 577 4232 an
596 4187 681 4246 agent
699 4179 812 4247 always,
827 4176 892 4246 Dig.
906 4175 948 4245 36.
965 4191 988 4232 1.
1000 4177 1043 4246 65.
1057 4191 1081 4245 3
1119 4176 1220 4231 Before
1233 4175 1339 4230 delatio
1350 4191 1369 4229 a

218 4277 322 4332 person
347 4260 431 4316 could
455 4271 505 4316 not
528 4259 599 4316 bind
623 4260 739 4316 himself
760 4261 798 4330 by
819 4261 911 4316 either
931 4270 1104 4331 acceptance
1127 4277 1160 4314 or
1180 4257 1368 4330 repudiation,

220 4343 287 4413 Dig.
309 4358 350 4413 ap
372 4359 398 4399 2.
423 4358 462 4412 17.
488 4360 510 4415 1,
529 4345 581 4400 but
608 4344 680 4400 after
703 4343 808 4400 delatio
832 4345 923 4401 either
944 4343 1171 4414 determination,
1193 4343 1274 4400 when
1296 4357 1368 4398 once

209 4425 396 4498 ,manifested
413 4445 471 4484 vas
489 4428 670 4499 irrevocable,
684 4427 754 4485 Cod.
767 4427 792 4484 6.
806 4443 849 4498 31.
