<?xml version="1.0" encoding="UTF-8"?>
<!DOCTYPE html PUBLIC "-//W3C//DTD XHTML 1.0 Transitional//EN"
    "http://www.w3.org/TR/xhtml1/DTD/xhtml1-transitional.dtd">
<html xmlns="http://www.w3.org/1999/xhtml" xml:lang="en" lang="en">
 <head>
  <title>
</title>
<meta http-equiv="Content-Type" content="text/html;charset=utf-8" />
  <meta name='ocr-system' content='tesseract 3.04.00' />
  <meta name='ocr-capabilities' content='ocr_page ocr_carea ocr_par ocr_line ocrx_word'/>
</head>
<body>
  <div class='ocr_page' id='page_1' title='image "./imperatorisiust00moylgoog_0384.png"; bbox 0 0 3176 5022; ppageno 0'>
   <div class='ocr_carea' id='block_1_1' title="bbox 217 284 1366 370">
    <p class='ocr_par' dir='ltr' id='par_1_1' title="bbox 217 284 1366 370">
     <span class='ocr_line' id='line_1_1' title="bbox 217 284 1366 370; baseline 0 -24"><span class='ocrx_word' id='word_1_1' title='bbox 217 296 266 346; x_wconf 85' lang='lat' dir='ltr'>Tit.</span> <span class='ocrx_word' id='word_1_2' title='bbox 277 289 313 362; x_wconf 89' lang='lat'>9.]</span> <span class='ocrx_word' id='word_1_3' title='bbox 449 290 510 346; x_wconf 89' lang='lat' dir='ltr'>DE</span> <span class='ocrx_word' id='word_1_4' title='bbox 531 291 743 348; x_wconf 87' lang='lat' dir='ltr'><em>BONORUM</em></span> <span class='ocrx_word' id='word_1_5' title='bbox 761 290 1127 348; x_wconf 84' lang='lat' dir='ltr'><em>POSSESSIONIBUS·</em></span> <span class='ocrx_word' id='word_1_6' title='bbox 1302 284 1366 370; x_wconf 83' lang='lat'>369</span> 
     </span>
    </p>
   </div>
   <div class='ocr_carea' id='block_1_2' title="bbox 214 455 1415 4192">
    <p class='ocr_par' dir='ltr' id='par_1_2' title="bbox 214 455 1415 4192">
     <span class='ocr_line' id='line_1_2' title="bbox 216 455 1367 542; baseline 0.003 -22"><span class='ocrx_word' id='word_1_7' title='bbox 216 455 298 532; x_wconf 88' lang='lat' dir='ltr'>nati,</span> <span class='ocrx_word' id='word_1_8' title='bbox 314 475 358 520; x_wconf 90' lang='lat' dir='ltr'>ex</span> <span class='ocrx_word' id='word_1_9' title='bbox 374 457 494 540; x_wconf 91' lang='lat' dir='ltr'>quibus</span> <span class='ocrx_word' id='word_1_10' title='bbox 511 457 640 542; x_wconf 84' lang='lat' dir='ltr'><strong>possint</strong></span> <span class='ocrx_word' id='word_1_11' title='bbox 654 479 714 524; x_wconf 90' lang='lat' dir='ltr'>sua</span> <span class='ocrx_word' id='word_1_12' title='bbox 731 456 802 523; x_wconf 89' lang='lat' dir='ltr'>iura</span> <span class='ocrx_word' id='word_1_13' title='bbox 816 457 993 535; x_wconf 91' lang='lat' dir='ltr'>vindicare,</span> <span class='ocrx_word' id='word_1_14' title='bbox 1008 456 1099 523; x_wconf 93' lang='lat' dir='ltr'>omni</span> <span class='ocrx_word' id='word_1_15' title='bbox 1114 456 1367 542; x_wconf 82' lang='lat' dir='ltr'><strong>scrupulositate</strong></span> 
     </span>
     <span class='ocr_line' id='line_1_3' title="bbox 216 560 1366 647; baseline 0.003 -23"><span class='ocrx_word' id='word_1_16' title='bbox 216 569 250 624; x_wconf 93' lang='lat' dir='ltr'>et</span> <span class='ocrx_word' id='word_1_17' title='bbox 266 560 485 626; x_wconf 85' lang='lat' dir='ltr'>inextricabili</span> <span class='ocrx_word' id='word_1_18' title='bbox 501 583 609 627; x_wconf 89' lang='lat' dir='ltr'>errore</span> <span class='ocrx_word' id='word_1_19' title='bbox 622 564 762 629; x_wconf 89' lang='lat' dir='ltr'>duarum</span> <span class='ocrx_word' id='word_1_20' title='bbox 782 563 918 627; x_wconf 89' lang='lat' dir='ltr'>istarum</span> <span class='ocrx_word' id='word_1_21' title='bbox 940 563 1102 628; x_wconf 89' lang='lat' dir='ltr'>bonorum</span> <span class='ocrx_word' id='word_1_22' title='bbox 1120 563 1366 647; x_wconf 89' lang='lat' dir='ltr'>possessionum</span> 
     </span>
     <span class='ocr_line' id='line_1_4' title="bbox 216 665 1398 750; baseline 0.008 -24"><span class='ocrx_word' id='word_1_23' title='bbox 216 665 370 729; x_wconf 89' lang='lat' dir='ltr'>resoluta.</span> <span class='ocrx_word' id='word_1_24' title='bbox 415 666 530 731; x_wconf 90' lang='lat' dir='ltr'>Aliam</span> <span class='ocrx_word' id='word_1_25' title='bbox 550 689 629 732; x_wconf 90' lang='lat' dir='ltr'>vero</span> <span class='ocrx_word' id='word_1_26' title='bbox 651 667 813 731; x_wconf 90' lang='lat' dir='ltr'>bonorum</span> <span class='ocrx_word' id='word_1_27' title='bbox 833 667 1084 750; x_wconf 89' lang='lat' dir='ltr'>possessionem,</span> <span class='ocrx_word' id='word_1_28' title='bbox 1106 687 1192 750; x_wconf 91' lang='lat' dir='ltr'>quae</span> <span class='ocrx_word' id='word_1_29' title='bbox 1211 667 1301 732; x_wconf 91' lang='lat' dir='ltr'>unde</span> <span class='ocrx_word' id='word_1_30' title='bbox 1318 668 1398 736; x_wconf 75' lang='lat' dir='ltr'>vir?</span> 
     </span>
     <span class='ocr_line' id='line_1_5' title="bbox 216 771 1367 855; baseline 0.004 -24"><span class='ocrx_word' id='word_1_31' title='bbox 216 777 251 832; x_wconf 91' lang='lat' dir='ltr'>et</span> <span class='ocrx_word' id='word_1_32' title='bbox 273 790 359 833; x_wconf 91' lang='lat' dir='ltr'>uxor</span> <span class='ocrx_word' id='word_1_33' title='bbox 380 771 567 855; x_wconf 89' lang='lat' dir='ltr'>appellatur</span> <span class='ocrx_word' id='word_1_34' title='bbox 588 783 622 837; x_wconf 88' lang='lat' dir='ltr'>et</span> <span class='ocrx_word' id='word_1_35' title='bbox 645 792 733 835; x_wconf 92' lang='lat' dir='ltr'>nono</span> <span class='ocrx_word' id='word_1_36' title='bbox 755 771 830 836; x_wconf 92' lang='lat' dir='ltr'>loco</span> <span class='ocrx_word' id='word_1_37' title='bbox 854 773 939 836; x_wconf 91' lang='lat' dir='ltr'>inter</span> <span class='ocrx_word' id='word_1_38' title='bbox 960 780 1088 836; x_wconf 87' lang='lat' dir='ltr'>veteres</span> <span class='ocrx_word' id='word_1_39' title='bbox 1106 772 1267 836; x_wconf 92' lang='lat' dir='ltr'>bonorum</span> <span class='ocrx_word' id='word_1_40' title='bbox 1290 792 1367 854; x_wconf 92' lang='lat' dir='ltr'>pos·</span> 
     </span>
     <span class='ocr_line' id='line_1_6' title="bbox 216 872 1368 959; baseline 0.004 -24"><span class='ocrx_word' id='word_1_41' title='bbox 216 872 378 938; x_wconf 90' lang='lat' dir='ltr'>sessiones</span> <span class='ocrx_word' id='word_1_42' title='bbox 397 875 507 957; x_wconf 89' lang='lat' dir='ltr'>posita</span> <span class='ocrx_word' id='word_1_43' title='bbox 526 876 640 952; x_wconf 85' lang='lat' dir='ltr'>suerat,</span> <span class='ocrx_word' id='word_1_44' title='bbox 658 884 692 940; x_wconf 92' lang='lat' dir='ltr'>et</span> <span class='ocrx_word' id='word_1_45' title='bbox 713 875 746 938; x_wconf 94' lang='lat' dir='ltr'>in</span> <span class='ocrx_word' id='word_1_46' title='bbox 767 895 827 938; x_wconf 92' lang='lat' dir='ltr'>suo</span> <span class='ocrx_word' id='word_1_47' title='bbox 847 876 960 959; x_wconf 83' lang='lat' dir='ltr'>vigore</span> <span class='ocrx_word' id='word_1_48' title='bbox 982 876 1184 940; x_wconf 86' lang='lat' dir='ltr'>servavimus</span> <span class='ocrx_word' id='word_1_49' title='bbox 1201 884 1235 939; x_wconf 90' lang='lat' dir='ltr'>et</span> <span class='ocrx_word' id='word_1_50' title='bbox 1249 875 1368 940; x_wconf 84' lang='lat' dir='ltr'>altiore</span> 
     </span>
     <span class='ocr_line' id='line_1_7' title="bbox 215 973 1367 1062; baseline 0.004 -23"><span class='ocrx_word' id='word_1_51' title='bbox 215 973 298 1052; x_wconf 93' lang='lat' dir='ltr'>loco,</span> <span class='ocrx_word' id='word_1_52' title='bbox 325 977 359 1042; x_wconf 94' lang='lat' dir='ltr'>id</span> <span class='ocrx_word' id='word_1_53' title='bbox 387 989 437 1044; x_wconf 91' lang='lat' dir='ltr'>est</span> <span class='ocrx_word' id='word_1_54' title='bbox 467 989 573 1060; x_wconf 90' lang='lat' dir='ltr'>sexto,</span> <span class='ocrx_word' id='word_1_55' title='bbox 600 1001 674 1043; x_wconf 88' lang='lat' dir='ltr'>eam</span> <span class='ocrx_word' id='word_1_56' title='bbox 704 979 883 1062; x_wconf 89' lang='lat' dir='ltr'>posuimus,</span> <span class='ocrx_word' id='word_1_57' title='bbox 913 979 1042 1044; x_wconf 89' lang='lat' dir='ltr'>decima</span> <span class='ocrx_word' id='word_1_58' title='bbox 1070 977 1175 1044; x_wconf 88' lang='lat' dir='ltr'>veteri</span> <span class='ocrx_word' id='word_1_59' title='bbox 1204 979 1367 1044; x_wconf 89' lang='lat' dir='ltr'>bonorum</span> 
     </span>
     <span class='ocr_line' id='line_1_8' title="bbox 216 1081 1368 1166; baseline 0.002 -22"><span class='ocrx_word' id='word_1_60' title='bbox 216 1081 424 1163; x_wconf 85' lang='lat' dir='ltr'>possessione</span> <span class='ocrx_word' id='word_1_61' title='bbox 453 1104 538 1166; x_wconf 89' lang='lat' dir='ltr'>quae</span> <span class='ocrx_word' id='word_1_62' title='bbox 568 1094 638 1148; x_wconf 87' lang='lat' dir='ltr'>erat</span> <span class='ocrx_word' id='word_1_63' title='bbox 668 1084 756 1148; x_wconf 89' lang='lat' dir='ltr'>unde</span> <span class='ocrx_word' id='word_1_64' title='bbox 791 1083 925 1166; x_wconf 84' lang='lat' dir='ltr'>cognati</span> <span class='ocrx_word' id='word_1_65' title='bbox 956 1083 1203 1148; x_wconf 83' lang='lat' dir='ltr'>manumissoris</span> <span class='ocrx_word' id='word_1_66' title='bbox 1232 1095 1368 1166; x_wconf 90' lang='lat' dir='ltr'>propter</span> 
     </span>
     <span class='ocr_line' id='line_1_9' title="bbox 216 1185 1366 1252; baseline 0.004 -5"><span class='ocrx_word' id='word_1_67' title='bbox 216 1203 332 1248; x_wconf 88' lang='lat' dir='ltr'>causas</span> <span class='ocrx_word' id='word_1_68' title='bbox 359 1197 525 1250; x_wconf 87' lang='lat' dir='ltr'>enarratas</span> <span class='ocrx_word' id='word_1_69' title='bbox 557 1187 675 1252; x_wconf 91' lang='lat' dir='ltr'>merito</span> <span class='ocrx_word' id='word_1_70' title='bbox 705 1185 855 1250; x_wconf 90' lang='lat' dir='ltr'>sublata:</span> <span class='ocrx_word' id='word_1_71' title='bbox 886 1195 922 1250; x_wconf 91' lang='lat' dir='ltr'>ut</span> <span class='ocrx_word' id='word_1_72' title='bbox 953 1207 1013 1250; x_wconf 90' lang='lat' dir='ltr'>sex</span> <span class='ocrx_word' id='word_1_73' title='bbox 1042 1188 1276 1251; x_wconf 89' lang='lat' dir='ltr'>tantummodo</span> <span class='ocrx_word' id='word_1_74' title='bbox 1305 1189 1366 1252; x_wconf 94' lang='lat' dir='ltr'>bo·</span> 
     </span>
     <span class='ocr_line' id='line_1_10' title="bbox 216 1289 1367 1375; baseline 0.004 -25"><span class='ocrx_word' id='word_1_75' title='bbox 216 1309 332 1352; x_wconf 88' lang='lat' dir='ltr'>norum</span> <span class='ocrx_word' id='word_1_76' title='bbox 363 1291 585 1372; x_wconf 88' lang='lat' dir='ltr'>possessiones</span> <span class='ocrx_word' id='word_1_77' title='bbox 615 1291 798 1355; x_wconf 91' lang='lat' dir='ltr'>ordinariae</span> <span class='ocrx_word' id='word_1_78' title='bbox 828 1300 1045 1374; x_wconf 90' lang='lat' dir='ltr'>permaneant</span> <span class='ocrx_word' id='word_1_79' title='bbox 1072 1310 1132 1356; x_wconf 93' lang='lat' dir='ltr'>suo</span> <span class='ocrx_word' id='word_1_80' title='bbox 1156 1289 1270 1374; x_wconf 87' lang='lat' dir='ltr'>vigore</span> <span class='ocrx_word' id='word_1_81' title='bbox 1296 1291 1367 1375; x_wconf 93' lang='lat' dir='ltr'>pol·</span> 
     </span>
     <span class='ocr_line' id='line_1_11' title="bbox 216 1390 1396 1478; baseline 0.004 -25"><span class='ocrx_word' id='word_1_82' title='bbox 216 1390 331 1458; x_wconf 89' lang='lat' dir='ltr'>lentes.</span> <span class='ocrx_word' id='word_1_83' title='bbox 377 1392 529 1476; x_wconf 89' lang='lat' dir='ltr'>Septima</span> <span class='ocrx_word' id='word_1_84' title='bbox 552 1416 608 1459; x_wconf 88' lang='lat' dir='ltr'>eas</span> <span class='ocrx_word' id='word_1_85' title='bbox 631 1405 751 1474; x_wconf 92' lang='lat' dir='ltr'>secuta,</span> <span class='ocrx_word' id='word_1_86' title='bbox 774 1415 875 1478; x_wconf 91' lang='lat' dir='ltr'>quam</span> <span class='ocrx_word' id='word_1_87' title='bbox 898 1393 1025 1477; x_wconf 89' lang='lat' dir='ltr'>optima</span> <span class='ocrx_word' id='word_1_88' title='bbox 1048 1394 1175 1460; x_wconf 88' lang='lat' dir='ltr'>ratione</span> <span class='ocrx_word' id='word_1_89' title='bbox 1197 1403 1396 1477; x_wconf 75' lang='lat' dir='ltr'>praetoresg</span> 
     </span>
     <span class='ocr_line' id='line_1_12' title="bbox 216 1495 1366 1583; baseline 0.003 -25"><span class='ocrx_word' id='word_1_90' title='bbox 216 1495 477 1564; x_wconf 88' lang='lat' dir='ltr'>introduxerunt.</span> <span class='ocrx_word' id='word_1_91' title='bbox 523 1499 699 1564; x_wconf 88' lang='lat' dir='ltr'>novissime</span> <span class='ocrx_word' id='word_1_92' title='bbox 721 1499 810 1563; x_wconf 92' lang='lat' dir='ltr'>enim</span> <span class='ocrx_word' id='word_1_93' title='bbox 832 1499 1036 1583; x_wconf 89' lang='lat' dir='ltr'>promittitur</span> <span class='ocrx_word' id='word_1_94' title='bbox 1058 1499 1166 1564; x_wconf 91' lang='lat' dir='ltr'>edicto</span> <span class='ocrx_word' id='word_1_95' title='bbox 1188 1496 1239 1564; x_wconf 92' lang='lat' dir='ltr'>his</span> <span class='ocrx_word' id='word_1_96' title='bbox 1264 1499 1366 1566; x_wconf 91' lang='lat' dir='ltr'>etiam</span> 
     </span>
     <span class='ocr_line' id='line_1_13' title="bbox 215 1601 1367 1688; baseline 0.003 -24"><span class='ocrx_word' id='word_1_97' title='bbox 215 1601 378 1665; x_wconf 91' lang='lat' dir='ltr'>bonorum</span> <span class='ocrx_word' id='word_1_98' title='bbox 394 1605 566 1686; x_wconf 86' lang='lat' dir='ltr'>possessio,</span> <span class='ocrx_word' id='word_1_99' title='bbox 582 1605 700 1688; x_wconf 91' lang='lat' dir='ltr'>quibus</span> <span class='ocrx_word' id='word_1_100' title='bbox 716 1614 753 1668; x_wconf 92' lang='lat' dir='ltr'>ut</span> <span class='ocrx_word' id='word_1_101' title='bbox 773 1605 871 1668; x_wconf 91' lang='lat' dir='ltr'>detur</span> <span class='ocrx_word' id='word_1_102' title='bbox 889 1604 965 1688; x_wconf 88' lang='lat' dir='ltr'>lege</span> <span class='ocrx_word' id='word_1_103' title='bbox 983 1603 1037 1668; x_wconf 88' lang='lat' dir='ltr'>vel</span> <span class='ocrx_word' id='word_1_104' title='bbox 1060 1611 1194 1668; x_wconf 85' lang='lat' dir='ltr'>senatus</span> <span class='ocrx_word' id='word_1_105' title='bbox 1215 1604 1367 1669; x_wconf 92' lang='lat' dir='ltr'>consulto</span> 
     </span>
     <span class='ocr_line' id='line_1_14' title="bbox 215 1703 1366 1793; baseline 0.003 -26"><span class='ocrx_word' id='word_1_106' title='bbox 215 1703 268 1768; x_wconf 94' lang='lat' dir='ltr'>vel</span> <span class='ocrx_word' id='word_1_107' title='bbox 294 1708 528 1772; x_wconf 89' lang='lat' dir='ltr'>constitutione</span> <span class='ocrx_word' id='word_1_108' title='bbox 559 1707 832 1793; x_wconf 91' lang='lat' dir='ltr'>comprehensum</span> <span class='ocrx_word' id='word_1_109' title='bbox 860 1716 921 1785; x_wconf 89' lang='lat' dir='ltr'>est,</span> <span class='ocrx_word' id='word_1_110' title='bbox 944 1727 1045 1790; x_wconf 91' lang='lat' dir='ltr'>quam</span> <span class='ocrx_word' id='word_1_111' title='bbox 1070 1727 1178 1790; x_wconf 89' lang='lat' dir='ltr'>neque</span> <span class='ocrx_word' id='word_1_112' title='bbox 1204 1708 1366 1772; x_wconf 91' lang='lat' dir='ltr'>bonorum</span> 
     </span>
     <span class='ocr_line' id='line_1_15' title="bbox 214 1810 1366 1896; baseline 0.003 -24"><span class='ocrx_word' id='word_1_113' title='bbox 214 1810 476 1892; x_wconf 90' lang='lat' dir='ltr'>possessionibus</span> <span class='ocrx_word' id='word_1_114' title='bbox 499 1833 584 1896; x_wconf 90' lang='lat' dir='ltr'>quae</span> <span class='ocrx_word' id='word_1_115' title='bbox 606 1814 650 1877; x_wconf 91' lang='lat' dir='ltr'>ab</span> <span class='ocrx_word' id='word_1_116' title='bbox 673 1814 831 1877; x_wconf 90' lang='lat' dir='ltr'>intestato</span> <span class='ocrx_word' id='word_1_117' title='bbox 852 1811 988 1876; x_wconf 91' lang='lat' dir='ltr'>veniunt</span> <span class='ocrx_word' id='word_1_118' title='bbox 1011 1831 1119 1894; x_wconf 91' lang='lat' dir='ltr'>neque</span> <span class='ocrx_word' id='word_1_119' title='bbox 1144 1811 1191 1876; x_wconf 91' lang='lat' dir='ltr'>eis</span> <span class='ocrx_word' id='word_1_120' title='bbox 1213 1831 1299 1894; x_wconf 89' lang='lat' dir='ltr'>quae</span> <span class='ocrx_word' id='word_1_121' title='bbox 1322 1834 1366 1877; x_wconf 89' lang='lat' dir='ltr'>ex</span> 
     </span>
     <span class='ocr_line' id='line_1_16' title="bbox 215 1916 1368 2002; baseline 0.002 -24"><span class='ocrx_word' id='word_1_122' title='bbox 215 1923 417 1980; x_wconf 89' lang='lat' dir='ltr'>testamento</span> <span class='ocrx_word' id='word_1_123' title='bbox 438 1929 515 1983; x_wconf 90' lang='lat' dir='ltr'>sunt</span> <span class='ocrx_word' id='word_1_124' title='bbox 537 1927 669 2002; x_wconf 91' lang='lat' dir='ltr'>praetor</span> <span class='ocrx_word' id='word_1_125' title='bbox 690 1917 800 1983; x_wconf 89' lang='lat' dir='ltr'>stabili</span> <span class='ocrx_word' id='word_1_126' title='bbox 824 1917 893 1982; x_wconf 92' lang='lat' dir='ltr'>iure</span> <span class='ocrx_word' id='word_1_127' title='bbox 914 1917 1170 1991; x_wconf 88' lang='lat' dir='ltr'>connumeravit,</span> <span class='ocrx_word' id='word_1_128' title='bbox 1192 1917 1251 1982; x_wconf 91' lang='lat' dir='ltr'>sed</span> <span class='ocrx_word' id='word_1_129' title='bbox 1272 1916 1368 2001; x_wconf 88' lang='lat' dir='ltr'>quasi</span> 
     </span>
     <span class='ocr_line' id='line_1_17' title="bbox 215 2018 1369 2104; baseline 0.003 -22"><span class='ocrx_word' id='word_1_130' title='bbox 215 2018 369 2084; x_wconf 90' lang='lat' dir='ltr'>ultimum</span> <span class='ocrx_word' id='word_1_131' title='bbox 397 2031 430 2086; x_wconf 92' lang='lat' dir='ltr'>et</span> <span class='ocrx_word' id='word_1_132' title='bbox 454 2023 750 2087; x_wconf 89' lang='lat' dir='ltr'>extraordinarium</span> <span class='ocrx_word' id='word_1_133' title='bbox 777 2021 948 2100; x_wconf 91' lang='lat' dir='ltr'>auxilium,</span> <span class='ocrx_word' id='word_1_134' title='bbox 975 2029 1073 2103; x_wconf 91' lang='lat' dir='ltr'>prout</span> <span class='ocrx_word' id='word_1_135' title='bbox 1096 2041 1148 2084; x_wconf 91' lang='lat' dir='ltr'>res</span> <span class='ocrx_word' id='word_1_136' title='bbox 1172 2020 1286 2104; x_wconf 85' lang='lat' dir='ltr'>exigit,</span> <span class='ocrx_word' id='word_1_137' title='bbox 1313 2041 1369 2086; x_wconf 62' lang='lat' dir='ltr'>ac*</span> 
     </span>
     <span class='ocr_line' id='line_1_18' title="bbox 215 2125 1367 2210; baseline 0.002 -22"><span class='ocrx_word' id='word_1_138' title='bbox 215 2127 438 2190; x_wconf 90' lang='lat' dir='ltr'>commodavit</span> <span class='ocrx_word' id='word_1_139' title='bbox 468 2127 592 2193; x_wconf 89' lang='lat' dir='ltr'>scilicet</span> <span class='ocrx_word' id='word_1_140' title='bbox 627 2127 688 2204; x_wconf 89' lang='lat' dir='ltr'>his,</span> <span class='ocrx_word' id='word_1_141' title='bbox 720 2127 775 2210; x_wconf 92' lang='lat' dir='ltr'>qui</span> <span class='ocrx_word' id='word_1_142' title='bbox 807 2147 851 2189; x_wconf 89' lang='lat' dir='ltr'>ex</span> <span class='ocrx_word' id='word_1_143' title='bbox 884 2125 1012 2209; x_wconf 83' lang='lat' dir='ltr'>legibus</span> <span class='ocrx_word' id='word_1_144' title='bbox 1047 2133 1181 2189; x_wconf 87' lang='lat' dir='ltr'>senatus</span> <span class='ocrx_word' id='word_1_145' title='bbox 1209 2125 1367 2190; x_wconf 90' lang='lat' dir='ltr'>consultis</span> 
     </span>
     <span class='ocr_line' id='line_1_19' title="bbox 216 2228 1366 2316; baseline 0.002 -24"><span class='ocrx_word' id='word_1_146' title='bbox 216 2231 504 2295; x_wconf 87' lang='lat' dir='ltr'>constitutionibus</span> <span class='ocrx_word' id='word_1_147' title='bbox 531 2233 714 2316; x_wconf 87' lang='lat' dir='ltr'>principum</span> <span class='ocrx_word' id='word_1_148' title='bbox 741 2253 785 2294; x_wconf 91' lang='lat' dir='ltr'>ex</span> <span class='ocrx_word' id='word_1_149' title='bbox 812 2249 898 2294; x_wconf 91' lang='lat' dir='ltr'>novo</span> <span class='ocrx_word' id='word_1_150' title='bbox 923 2231 993 2292; x_wconf 90' lang='lat' dir='ltr'>iure</span> <span class='ocrx_word' id='word_1_151' title='bbox 1018 2228 1071 2293; x_wconf 91' lang='lat' dir='ltr'>vel</span> <span class='ocrx_word' id='word_1_152' title='bbox 1098 2249 1142 2292; x_wconf 94' lang='lat' dir='ltr'>ex</span> <span class='ocrx_word' id='word_1_153' title='bbox 1166 2237 1366 2294; x_wconf 87' lang='lat' dir='ltr'>testamento</span> 
     </span>
     <span class='ocr_line' id='line_1_20' title="bbox 214 2331 1366 2417; baseline 0.002 -23"><span class='ocrx_word' id='word_1_154' title='bbox 214 2331 267 2396; x_wconf 92' lang='lat' dir='ltr'>vel</span> <span class='ocrx_word' id='word_1_155' title='bbox 288 2333 331 2398; x_wconf 90' lang='lat' dir='ltr'>ab</span> <span class='ocrx_word' id='word_1_156' title='bbox 355 2333 512 2400; x_wconf 90' lang='lat' dir='ltr'>intestato</span> <span class='ocrx_word' id='word_1_157' title='bbox 532 2335 677 2400; x_wconf 91' lang='lat' dir='ltr'>veniunt.</span> <span class='ocrx_word' id='word_1_158' title='bbox 734 2333 820 2398; x_wconf 89' lang='lat' dir='ltr'>Cum</span> <span class='ocrx_word' id='word_1_159' title='bbox 842 2333 941 2417; x_wconf 85' lang='lat' dir='ltr'>igitur</span> <span class='ocrx_word' id='word_1_160' title='bbox 960 2333 1071 2417; x_wconf 89' lang='lat' dir='ltr'>plures</span> <span class='ocrx_word' id='word_1_161' title='bbox 1092 2331 1219 2416; x_wconf 88' lang='lat' dir='ltr'>species</span> <span class='ocrx_word' id='word_1_162' title='bbox 1238 2353 1366 2398; x_wconf 88' lang='lat' dir='ltr'>succes·</span> 
     </span>
     <span class='ocr_line' id='line_1_21' title="bbox 216 2435 1396 2522; baseline -0.003 -22"><span class='ocrx_word' id='word_1_163' title='bbox 216 2435 346 2500; x_wconf 88' lang='lat' dir='ltr'>sionum</span> <span class='ocrx_word' id='word_1_164' title='bbox 362 2448 494 2522; x_wconf 89' lang='lat' dir='ltr'>praetor</span> <span class='ocrx_word' id='word_1_165' title='bbox 509 2439 747 2505; x_wconf 89' lang='lat' dir='ltr'>introduxisset</span> <span class='ocrx_word' id='word_1_166' title='bbox 763 2457 885 2521; x_wconf 87' lang='lat' dir='ltr'>easque</span> <span class='ocrx_word' id='word_1_167' title='bbox 900 2457 960 2521; x_wconf 91' lang='lat' dir='ltr'>per</span> <span class='ocrx_word' id='word_1_168' title='bbox 981 2437 1130 2502; x_wconf 88' lang='lat' dir='ltr'>ordinem</span> <span class='ocrx_word' id='word_1_169' title='bbox 1151 2437 1366 2520; x_wconf 88' lang='lat' dir='ltr'>disposuisset</span> <span class='ocrx_word' id='word_1_170' title='bbox 1379 2441 1396 2496; x_wconf 85' lang='grc'>9</span> 
     </span>
     <span class='ocr_line' id='line_1_22' title="bbox 216 2540 1367 2627; baseline 0.002 -23"><span class='ocrx_word' id='word_1_171' title='bbox 216 2549 250 2604; x_wconf 94' lang='lat' dir='ltr'>et</span> <span class='ocrx_word' id='word_1_172' title='bbox 277 2540 310 2604; x_wconf 94' lang='lat' dir='ltr'>in</span> <span class='ocrx_word' id='word_1_173' title='bbox 342 2563 540 2627; x_wconf 86' lang='lat' dir='ltr'>unaquaque</span> <span class='ocrx_word' id='word_1_174' title='bbox 575 2543 685 2626; x_wconf 88' lang='lat' dir='ltr'>specie</span> <span class='ocrx_word' id='word_1_175' title='bbox 720 2542 935 2607; x_wconf 89' lang='lat' dir='ltr'>successionis</span> <span class='ocrx_word' id='word_1_176' title='bbox 971 2561 1072 2624; x_wconf 90' lang='lat' dir='ltr'>saepe</span> <span class='ocrx_word' id='word_1_177' title='bbox 1104 2540 1215 2624; x_wconf 89' lang='lat' dir='ltr'>plures</span> <span class='ocrx_word' id='word_1_178' title='bbox 1249 2549 1367 2606; x_wconf 90' lang='lat' dir='ltr'>extent</span> 
     </span>
     <span class='ocr_line' id='line_1_23' title="bbox 215 2644 1365 2732; baseline -0.002 -22"><span class='ocrx_word' id='word_1_179' title='bbox 215 2645 337 2727; x_wconf 91' lang='lat' dir='ltr'>dispari</span> <span class='ocrx_word' id='word_1_180' title='bbox 362 2649 466 2730; x_wconf 87' lang='lat' dir='ltr'>gradu</span> <span class='ocrx_word' id='word_1_181' title='bbox 492 2668 671 2732; x_wconf 88' lang='lat' dir='ltr'>personae:</span> <span class='ocrx_word' id='word_1_182' title='bbox 695 2668 737 2710; x_wconf 86' lang='lat' dir='ltr'>ne</span> <span class='ocrx_word' id='word_1_183' title='bbox 763 2645 911 2711; x_wconf 87' lang='lat' dir='ltr'>actiones</span> <span class='ocrx_word' id='word_1_184' title='bbox 937 2645 1136 2710; x_wconf 89' lang='lat' dir='ltr'>creditorum</span> <span class='ocrx_word' id='word_1_185' title='bbox 1163 2644 1365 2720; x_wconf 85' lang='lat' dir='ltr'>differantur,</span> 
     </span>
     <span class='ocr_line' id='line_1_24' title="bbox 215 2749 1366 2836; baseline 0.002 -24"><span class='ocrx_word' id='word_1_186' title='bbox 215 2749 274 2814; x_wconf 88' lang='lat' dir='ltr'>sed</span> <span class='ocrx_word' id='word_1_187' title='bbox 297 2751 459 2816; x_wconf 91' lang='lat' dir='ltr'>haberent</span> <span class='ocrx_word' id='word_1_188' title='bbox 481 2773 564 2836; x_wconf 90' lang='lat' dir='ltr'>quos</span> <span class='ocrx_word' id='word_1_189' title='bbox 586 2753 806 2831; x_wconf 88' lang='lat' dir='ltr'>convenirent,</span> <span class='ocrx_word' id='word_1_190' title='bbox 825 2762 859 2817; x_wconf 91' lang='lat' dir='ltr'>et</span> <span class='ocrx_word' id='word_1_191' title='bbox 883 2773 925 2816; x_wconf 88' lang='lat' dir='ltr'>ne</span> <span class='ocrx_word' id='word_1_192' title='bbox 948 2750 1044 2814; x_wconf 80' lang='lat' dir='ltr'>facile</span> <span class='ocrx_word' id='word_1_193' title='bbox 1067 2750 1099 2814; x_wconf 96' lang='lat' dir='ltr'>in</span> <span class='ocrx_word' id='word_1_194' title='bbox 1122 2750 1366 2833; x_wconf 90' lang='lat' dir='ltr'>possessionem</span> 
     </span>
     <span class='ocr_line' id='line_1_25' title="bbox 215 2853 1367 2933; baseline 0.001 -16"><span class='ocrx_word' id='word_1_195' title='bbox 215 2853 379 2919; x_wconf 93' lang='lat' dir='ltr'>bonorum</span> <span class='ocrx_word' id='word_1_196' title='bbox 394 2855 540 2922; x_wconf 84' lang='lat' dir='ltr'>defuncti</span> <span class='ocrx_word' id='word_1_197' title='bbox 556 2858 731 2921; x_wconf 89' lang='lat' dir='ltr'>mittantur</span> <span class='ocrx_word' id='word_1_198' title='bbox 746 2865 780 2920; x_wconf 92' lang='lat' dir='ltr'>et</span> <span class='ocrx_word' id='word_1_199' title='bbox 798 2876 839 2919; x_wconf 89' lang='lat' dir='ltr'>eo</span> <span class='ocrx_word' id='word_1_200' title='bbox 860 2855 961 2918; x_wconf 90' lang='lat' dir='ltr'>modo</span> <span class='ocrx_word' id='word_1_201' title='bbox 981 2853 1044 2917; x_wconf 92' lang='lat' dir='ltr'>sibi</span> <span class='ocrx_word' id='word_1_202' title='bbox 1060 2854 1276 2933; x_wconf 91' lang='lat' dir='ltr'>consulerent,</span> <span class='ocrx_word' id='word_1_203' title='bbox 1292 2855 1367 2918; x_wconf 90' lang='lat' dir='ltr'>ideo</span> 
     </span>
     <span class='ocr_line' id='line_1_26' title="bbox 215 2956 1365 3044; baseline 0.001 -24"><span class='ocrx_word' id='word_1_204' title='bbox 215 2957 381 3038; x_wconf 88' lang='lat' dir='ltr'>petendae</span> <span class='ocrx_word' id='word_1_205' title='bbox 410 2960 572 3025; x_wconf 90' lang='lat' dir='ltr'>bonorum</span> <span class='ocrx_word' id='word_1_206' title='bbox 608 2959 808 3044; x_wconf 90' lang='lat' dir='ltr'>possessioni</span> <span class='ocrx_word' id='word_1_207' title='bbox 842 2969 970 3023; x_wconf 91' lang='lat' dir='ltr'>certum</span> <span class='ocrx_word' id='word_1_208' title='bbox 1006 2967 1138 3039; x_wconf 91' lang='lat' dir='ltr'>tempus</span> <span class='ocrx_word' id='word_1_209' title='bbox 1169 2956 1365 3040; x_wconf 86' lang='lat' dir='ltr'>praefinivit.</span> 
     </span>
     <span class='ocr_line' id='line_1_27' title="bbox 214 3061 1367 3148; baseline 0 -22"><span class='ocrx_word' id='word_1_210' title='bbox 214 3061 324 3128; x_wconf 87' lang='lat' dir='ltr'>liberis</span> <span class='ocrx_word' id='word_1_211' title='bbox 349 3065 461 3148; x_wconf 89' lang='lat' dir='ltr'>itaque</span> <span class='ocrx_word' id='word_1_212' title='bbox 484 3075 518 3130; x_wconf 89' lang='lat' dir='ltr'>et</span> <span class='ocrx_word' id='word_1_213' title='bbox 540 3064 731 3148; x_wconf 90' lang='lat' dir='ltr'>parentibus</span> <span class='ocrx_word' id='word_1_214' title='bbox 754 3073 824 3129; x_wconf 89' lang='lat' dir='ltr'>tam</span> <span class='ocrx_word' id='word_1_215' title='bbox 847 3062 1052 3128; x_wconf 87' lang='lat' dir='ltr'>naturalibus</span> <span class='ocrx_word' id='word_1_216' title='bbox 1078 3083 1179 3146; x_wconf 88' lang='lat' dir='ltr'>quam</span> <span class='ocrx_word' id='word_1_217' title='bbox 1202 3062 1367 3146; x_wconf 89' lang='lat' dir='ltr'>adoptivis</span> 
     </span>
     <span class='ocr_line' id='line_1_28' title="bbox 215 3166 1365 3254; baseline 0 -24"><span class='ocrx_word' id='word_1_218' title='bbox 215 3166 248 3230; x_wconf 90' lang='lat' dir='ltr'>in</span> <span class='ocrx_word' id='word_1_219' title='bbox 264 3171 409 3251; x_wconf 90' lang='lat' dir='ltr'>petenda</span> <span class='ocrx_word' id='word_1_220' title='bbox 424 3171 586 3235; x_wconf 90' lang='lat' dir='ltr'>bonorum</span> <span class='ocrx_word' id='word_1_221' title='bbox 605 3170 812 3254; x_wconf 90' lang='lat' dir='ltr'>possessione</span> <span class='ocrx_word' id='word_1_222' title='bbox 828 3169 906 3232; x_wconf 93' lang='lat' dir='ltr'>anni</span> <span class='ocrx_word' id='word_1_223' title='bbox 927 3169 1082 3249; x_wconf 87' lang='lat' dir='ltr'>spatium,</span> <span class='ocrx_word' id='word_1_224' title='bbox 1097 3167 1214 3232; x_wconf 91' lang='lat' dir='ltr'>ceteris</span> <span class='ocrx_word' id='word_1_225' title='bbox 1233 3176 1365 3231; x_wconf 91' lang='lat' dir='ltr'>centum</span> 
     </span>
     <span class='ocr_line' id='line_1_29' title="bbox 215 3269 1415 3355; baseline 0.002 -21"><span class='ocrx_word' id='word_1_226' title='bbox 215 3271 342 3336; x_wconf 91' lang='lat' dir='ltr'>dierum</span> <span class='ocrx_word' id='word_1_227' title='bbox 358 3273 461 3339; x_wconf 90' lang='lat' dir='ltr'>dedit.</span> <span class='ocrx_word' id='word_1_228' title='bbox 507 3274 553 3338; x_wconf 93' lang='lat' dir='ltr'>Et</span> <span class='ocrx_word' id='word_1_229' title='bbox 575 3274 602 3338; x_wconf 89' lang='lat' dir='ltr'>si</span> <span class='ocrx_word' id='word_1_230' title='bbox 624 3274 709 3336; x_wconf 91' lang='lat' dir='ltr'>intra</span> <span class='ocrx_word' id='word_1_231' title='bbox 731 3271 795 3337; x_wconf 90' lang='lat' dir='ltr'>hoc</span> <span class='ocrx_word' id='word_1_232' title='bbox 816 3280 949 3355; x_wconf 89' lang='lat' dir='ltr'>tempus</span> <span class='ocrx_word' id='word_1_233' title='bbox 971 3270 1089 3353; x_wconf 87' lang='lat' dir='ltr'>aliquis</span> <span class='ocrx_word' id='word_1_234' title='bbox 1109 3269 1270 3334; x_wconf 91' lang='lat' dir='ltr'>bonorum</span> <span class='ocrx_word' id='word_1_235' title='bbox 1289 3289 1365 3352; x_wconf 90' lang='lat' dir='ltr'>pos·</span> <span class='ocrx_word' id='word_1_236' title='bbox 1381 3291 1415 3348; x_wconf 90' lang='lat'>10</span> 
     </span>
     <span class='ocr_line' id='line_1_30' title="bbox 215 3373 1365 3462; baseline 0 -24"><span class='ocrx_word' id='word_1_237' title='bbox 215 3377 394 3441; x_wconf 89' lang='lat' dir='ltr'>sessionem</span> <span class='ocrx_word' id='word_1_238' title='bbox 420 3398 486 3442; x_wconf 92' lang='lat' dir='ltr'>non</span> <span class='ocrx_word' id='word_1_239' title='bbox 515 3377 656 3462; x_wconf 91' lang='lat' dir='ltr'>petierit,</span> <span class='ocrx_word' id='word_1_240' title='bbox 687 3375 836 3440; x_wconf 90' lang='lat' dir='ltr'>eiusdem</span> <span class='ocrx_word' id='word_1_241' title='bbox 862 3374 985 3458; x_wconf 86' lang='lat' dir='ltr'>gradus</span> <span class='ocrx_word' id='word_1_242' title='bbox 1015 3373 1162 3456; x_wconf 91' lang='lat' dir='ltr'>personis</span> <span class='ocrx_word' id='word_1_243' title='bbox 1185 3373 1365 3438; x_wconf 88' lang='lat' dir='ltr'>adcrescit:</span> 
     </span>
     <span class='ocr_line' id='line_1_31' title="bbox 214 3477 1367 3564; baseline -0.003 -21"><span class='ocrx_word' id='word_1_244' title='bbox 214 3478 267 3544; x_wconf 90' lang='lat' dir='ltr'>vel</span> <span class='ocrx_word' id='word_1_245' title='bbox 294 3482 321 3546; x_wconf 92' lang='lat' dir='ltr'>si</span> <span class='ocrx_word' id='word_1_246' title='bbox 348 3501 447 3546; x_wconf 90' lang='lat' dir='ltr'>nemo</span> <span class='ocrx_word' id='word_1_247' title='bbox 473 3481 525 3561; x_wconf 93' lang='lat' dir='ltr'>sit,</span> <span class='ocrx_word' id='word_1_248' title='bbox 550 3483 705 3564; x_wconf 90' lang='lat' dir='ltr'>deinceps</span> <span class='ocrx_word' id='word_1_249' title='bbox 731 3479 847 3544; x_wconf 89' lang='lat' dir='ltr'>ceteris</span> <span class='ocrx_word' id='word_1_250' title='bbox 880 3477 1018 3563; x_wconf 89' lang='lat' dir='ltr'>proinde</span> <span class='ocrx_word' id='word_1_251' title='bbox 1044 3478 1207 3543; x_wconf 90' lang='lat' dir='ltr'>bonorum</span> <span class='ocrx_word' id='word_1_252' title='bbox 1236 3495 1367 3560; x_wconf 91' lang='lat' dir='ltr'>posses·</span> 
     </span>
     <span class='ocr_line' id='line_1_32' title="bbox 215 3581 1366 3667; baseline -0.002 -17"><span class='ocrx_word' id='word_1_253' title='bbox 215 3585 342 3650; x_wconf 91' lang='lat' dir='ltr'>sionem</span> <span class='ocrx_word' id='word_1_254' title='bbox 354 3607 397 3650; x_wconf 93' lang='lat' dir='ltr'>ex</span> <span class='ocrx_word' id='word_1_255' title='bbox 410 3587 611 3653; x_wconf 90' lang='lat' dir='ltr'>successorio</span> <span class='ocrx_word' id='word_1_256' title='bbox 624 3586 733 3652; x_wconf 92' lang='lat' dir='ltr'>edicto</span> <span class='ocrx_word' id='word_1_257' title='bbox 744 3584 927 3667; x_wconf 88' lang='lat' dir='ltr'>pollicetur,</span> <span class='ocrx_word' id='word_1_258' title='bbox 938 3603 978 3650; x_wconf 91' lang='lat' dir='ltr'>ac</span> <span class='ocrx_word' id='word_1_259' title='bbox 993 3583 1019 3648; x_wconf 94' lang='lat' dir='ltr'>si</span> <span class='ocrx_word' id='word_1_260' title='bbox 1036 3583 1063 3648; x_wconf 93' lang='lat' dir='ltr'>is</span> <span class='ocrx_word' id='word_1_261' title='bbox 1078 3583 1134 3665; x_wconf 90' lang='lat' dir='ltr'>qui</span> <span class='ocrx_word' id='word_1_262' title='bbox 1146 3581 1366 3666; x_wconf 89' lang='lat' dir='ltr'>praecedebat</span> 
     </span>
     <span class='ocr_line' id='line_1_33' title="bbox 215 3687 1366 3773; baseline -0.003 -19"><span class='ocrx_word' id='word_1_263' title='bbox 215 3711 260 3754; x_wconf 89' lang='lat' dir='ltr'>ex</span> <span class='ocrx_word' id='word_1_264' title='bbox 276 3711 315 3754; x_wconf 92' lang='lat' dir='ltr'>eo</span> <span class='ocrx_word' id='word_1_265' title='bbox 331 3711 466 3756; x_wconf 90' lang='lat' dir='ltr'>numero</span> <span class='ocrx_word' id='word_1_266' title='bbox 482 3712 546 3755; x_wconf 91' lang='lat' dir='ltr'>non</span> <span class='ocrx_word' id='word_1_267' title='bbox 563 3699 659 3756; x_wconf 90' lang='lat' dir='ltr'>esset.</span> <span class='ocrx_word' id='word_1_268' title='bbox 696 3692 724 3754; x_wconf 92' lang='lat' dir='ltr'>si</span> <span class='ocrx_word' id='word_1_269' title='bbox 743 3690 816 3773; x_wconf 89' lang='lat' dir='ltr'>quis</span> <span class='ocrx_word' id='word_1_270' title='bbox 834 3689 947 3773; x_wconf 90' lang='lat' dir='ltr'>itaque</span> <span class='ocrx_word' id='word_1_271' title='bbox 963 3689 1110 3753; x_wconf 89' lang='lat' dir='ltr'>delatam</span> <span class='ocrx_word' id='word_1_272' title='bbox 1124 3687 1187 3752; x_wconf 91' lang='lat' dir='ltr'>sibi</span> <span class='ocrx_word' id='word_1_273' title='bbox 1202 3687 1366 3752; x_wconf 88' lang='lat' dir='ltr'>bonorum</span> 
     </span>
     <span class='ocr_line' id='line_1_34' title="bbox 214 3793 1365 3880; baseline -0.002 -22"><span class='ocrx_word' id='word_1_274' title='bbox 214 3797 457 3879; x_wconf 90' lang='lat' dir='ltr'>possessionem</span> <span class='ocrx_word' id='word_1_275' title='bbox 487 3796 715 3880; x_wconf 89' lang='lat' dir='ltr'>repudiaverit,</span> <span class='ocrx_word' id='word_1_276' title='bbox 741 3815 807 3859; x_wconf 92' lang='lat' dir='ltr'>non</span> <span class='ocrx_word' id='word_1_277' title='bbox 838 3815 1010 3878; x_wconf 91' lang='lat' dir='ltr'>quousque</span> <span class='ocrx_word' id='word_1_278' title='bbox 1039 3803 1172 3876; x_wconf 91' lang='lat' dir='ltr'>tempus</span> <span class='ocrx_word' id='word_1_279' title='bbox 1201 3793 1365 3857; x_wconf 89' lang='lat' dir='ltr'>bonorum</span> 
     </span>
     <span class='ocr_line' id='line_1_35' title="bbox 215 3897 1365 3985; baseline -0.004 -21"><span class='ocrx_word' id='word_1_280' title='bbox 215 3901 413 3983; x_wconf 90' lang='lat' dir='ltr'>possessioni</span> <span class='ocrx_word' id='word_1_281' title='bbox 448 3901 658 3985; x_wconf 90' lang='lat' dir='ltr'>praefinitum</span> <span class='ocrx_word' id='word_1_282' title='bbox 693 3901 875 3966; x_wconf 90' lang='lat' dir='ltr'>excesserit</span> <span class='ocrx_word' id='word_1_283' title='bbox 907 3905 1131 3984; x_wconf 89' lang='lat' dir='ltr'>exspectatur,</span> <span class='ocrx_word' id='word_1_284' title='bbox 1162 3897 1221 3960; x_wconf 92' lang='lat' dir='ltr'>sed</span> <span class='ocrx_word' id='word_1_285' title='bbox 1251 3897 1365 3961; x_wconf 88' lang='lat' dir='ltr'>statim</span> 
     </span>
     <span class='ocr_line' id='line_1_36' title="bbox 215 4000 1412 4084; baseline -0.004 -16"><span class='ocrx_word' id='word_1_286' title='bbox 215 4005 315 4069; x_wconf 88' lang='lat' dir='ltr'>ceteri</span> <span class='ocrx_word' id='word_1_287' title='bbox 345 4026 389 4070; x_wconf 90' lang='lat' dir='ltr'>ex</span> <span class='ocrx_word' id='word_1_288' title='bbox 419 4005 538 4070; x_wconf 89' lang='lat' dir='ltr'>eodem</span> <span class='ocrx_word' id='word_1_289' title='bbox 568 4005 677 4070; x_wconf 91' lang='lat' dir='ltr'>edicto</span> <span class='ocrx_word' id='word_1_290' title='bbox 712 4004 944 4068; x_wconf 87' lang='lat' dir='ltr'>admittuntur.</span> <span class='ocrx_word' id='word_1_291' title='bbox 1004 4001 1044 4068; x_wconf 91' lang='lat' dir='ltr'>In</span> <span class='ocrx_word' id='word_1_292' title='bbox 1073 4000 1220 4084; x_wconf 86' lang='lat' dir='ltr'>petenda</span> <span class='ocrx_word' id='word_1_293' title='bbox 1252 4008 1365 4064; x_wconf 86' lang='lat' dir='ltr'>autem</span> <span class='ocrx_word' id='word_1_294' title='bbox 1380 4001 1412 4054; x_wconf 89' lang='lat'>11</span> 
     </span>
     <span class='ocr_line' id='line_1_37' title="bbox 214 4101 1414 4192; baseline -0.01 -20"><span class='ocrx_word' id='word_1_295' title='bbox 214 4108 376 4173; x_wconf 90' lang='lat' dir='ltr'>bonorum</span> <span class='ocrx_word' id='word_1_296' title='bbox 398 4109 607 4192; x_wconf 90' lang='lat' dir='ltr'>possessione</span> <span class='ocrx_word' id='word_1_297' title='bbox 632 4109 704 4174; x_wconf 91' lang='lat' dir='ltr'>dies</span> <span class='ocrx_word' id='word_1_298' title='bbox 728 4107 826 4172; x_wconf 90' lang='lat' dir='ltr'>utiles</span> <span class='ocrx_word' id='word_1_299' title='bbox 851 4106 970 4190; x_wconf 85' lang='lat' dir='ltr'>singuli</span> <span class='ocrx_word' id='word_1_300' title='bbox 993 4105 1251 4171; x_wconf 88' lang='lat' dir='ltr'>considerantur.</span> <span class='ocrx_word' id='word_1_301' title='bbox 1296 4101 1365 4170; x_wconf 90' lang='lat' dir='ltr'>Sed</span> <span class='ocrx_word' id='word_1_302' title='bbox 1381 4107 1414 4161; x_wconf 84' lang='lat'>12</span> 
     </span>
    </p>
   </div>
   <div class='ocr_carea' id='block_1_3' title="bbox 215 4329 1366 4494">
    <p class='ocr_par' dir='ltr' id='par_1_3' title="bbox 215 4329 1366 4494">
     <span class='ocr_line' id='line_1_38' title="bbox 251 4329 1365 4410; baseline -0.005 -16"><span class='ocrx_word' id='word_1_303' title='bbox 251 4335 266 4410; x_wconf 69' lang='grc' dir='ltr'><strong>ξ</strong></span> <span class='ocrx_word' id='word_1_304' title='bbox 285 4339 325 4394; x_wconf 92' lang='lat'>11.</span> <span class='ocrx_word' id='word_1_305' title='bbox 344 4339 407 4394; x_wconf 85' lang='lat' dir='ltr'>The</span> <span class='ocrx_word' id='word_1_306' title='bbox 425 4337 589 4396; x_wconf 89' lang='lat' dir='ltr'>distinction</span> <span class='ocrx_word' id='word_1_307' title='bbox 607 4339 735 4394; x_wconf 88' lang='lat' dir='ltr'>between</span> <span class='ocrx_word' id='word_1_308' title='bbox 754 4347 866 4408; x_wconf 87' lang='lat' dir='ltr'>tempus</span> <span class='ocrx_word' id='word_1_309' title='bbox 885 4333 953 4392; x_wconf 88' lang='lat' dir='ltr'>utile</span> <span class='ocrx_word' id='word_1_310' title='bbox 970 4335 1029 4390; x_wconf 89' lang='lat' dir='ltr'>and</span> <span class='ocrx_word' id='word_1_311' title='bbox 1047 4333 1212 4390; x_wconf 88' lang='lat' dir='ltr'>continuum</span> <span class='ocrx_word' id='word_1_312' title='bbox 1226 4329 1279 4388; x_wconf 86' lang='lat' dir='ltr'>has</span> <span class='ocrx_word' id='word_1_313' title='bbox 1292 4331 1365 4388; x_wconf 88' lang='lat' dir='ltr'>been</span> 
     </span>
     <span class='ocr_line' id='line_1_39' title="bbox 215 4413 1366 4494; baseline -0.005 -16"><span class='ocrx_word' id='word_1_314' title='bbox 215 4422 330 4494; x_wconf 82' lang='lat' dir='ltr'>already</span> <span class='ocrx_word' id='word_1_315' title='bbox 340 4421 491 4494; x_wconf 81' lang='lat' dir='ltr'>explained</span> <span class='ocrx_word' id='word_1_316' title='bbox 502 4440 540 4480; x_wconf 90' lang='lat' dir='ltr'>on</span> <span class='ocrx_word' id='word_1_317' title='bbox 554 4423 607 4480; x_wconf 86' lang='lat' dir='ltr'>Bk.</span> <span class='ocrx_word' id='word_1_318' title='bbox 620 4421 649 4479; x_wconf 91' lang='lat' dir='ltr'>ii.</span> <span class='ocrx_word' id='word_1_319' title='bbox 662 4437 700 4494; x_wconf 72' lang='lat' dir='ltr'>ro</span> <span class='ocrx_word' id='word_1_320' title='bbox 716 4434 730 4492; x_wconf 79' lang='lat'><strong>5</strong></span> <span class='ocrx_word' id='word_1_321' title='bbox 744 4437 819 4491; x_wconf 91' lang='lat' dir='ltr'>supr.</span> <span class='ocrx_word' id='word_1_322' title='bbox 842 4419 905 4476; x_wconf 90' lang='lat' dir='ltr'>The</span> <span class='ocrx_word' id='word_1_323' title='bbox 918 4418 983 4476; x_wconf 83' lang='lat' dir='ltr'>idea</span> <span class='ocrx_word' id='word_1_324' title='bbox 992 4419 1081 4476; x_wconf 80' lang='lat' dir='ltr'>nithe</span> <span class='ocrx_word' id='word_1_325' title='bbox 1094 4417 1198 4474; x_wconf 79' lang='lat' dir='ltr'>former</span> <span class='ocrx_word' id='word_1_326' title='bbox 1207 4413 1366 4488; x_wconf 85' lang='lat' dir='ltr'>originated</span> 
     </span>
    </p>
   </div>
   <div class='ocr_carea' id='block_1_4' title="bbox 763 4510 822 4575">
    <p class='ocr_par' dir='ltr' id='par_1_4' title="bbox 763 4510 822 4575">
     <span class='ocr_line' id='line_1_40' title="bbox 763 4510 822 4575; baseline 0.017 -1"><span class='ocrx_word' id='word_1_327' title='bbox 763 4510 822 4575; x_wconf 82' lang='lat' dir='ltr'>ab</span> 
     </span>
    </p>
   </div>
   <div class='ocr_carea' id='block_1_5' title="bbox 0 0 1592 5022">
    <p class='ocr_par' dir='ltr' id='par_1_5' title="bbox 0 0 1592 5022">
     <span class='ocr_line' id='line_1_41' title="bbox 0 0 1592 5022; baseline 0 0"><span class='ocrx_word' id='word_1_328' title='bbox 0 0 1592 5022; x_wconf 95' lang='lat' dir='ltr'> </span> 
     </span>
    </p>
   </div>
  </div>
 </body>
</html>
