3166 5022
141 361 144 368 .
217 297 280 385 238
420 307 770 365 lwsrrwrroworr
788 306 906 362 rrnnr
925 307 1161 380 QUATTUOR.
1257 309 1365 378 [usu.

185 474 204 529 ⁵
260 473 403 538 Possunt
414 485 526 540 autem
541 484 645 540 testes
660 493 775 538 omnes
790 481 824 537 et
839 492 906 537 uno
923 473 1023 539 anulo
1038 474 1167 558 signare
1182 483 1364 540 testamen·

216 586 289 640 tum
311 575 404 663 (quid
427 581 525 657 enim,
550 581 577 642 si
602 589 731 662 septem
755 577 845 641 anuli
867 598 933 642 una
952 578 1120 662 sculptura
1136 577 1291 666 fuerinti)
1314 601 1365 644 se·

217 682 362 745 cundum
388 685 477 766 quod
505 683 689 766 Pomponio
712 682 818 746 visum
843 690 903 746 est.
957 684 1015 747 sed
1040 693 1074 748 et
1098 683 1206 748 alieno
1232 705 1365 767 quoque

184 786 317 850 sanulo
342 787 419 851 licet
442 788 581 870 signare.
626 787 746 851 Testes
768 795 882 850 autem
906 785 1055 851 adhiberi
1079 798 1218 870 possunt
1239 788 1270 866 ii,
1289 807 1365 850 cum

216 889 337 972 quibus
349 891 539 954 testamenti
554 891 653 956 factio
669 901 730 954 est.
764 892 823 955 sed
839 911 946 972 neque
962 892 1080 956 mulier
1095 913 1202 975 neque
1213 893 1365 974 impubes

217 1014 325 1076 neque
344 1015 456 1058 servus
479 1016 587 1078 neque
610 1006 721 1060 mutus
747 1015 854 1077 neque
872 996 990 1060 surdus
1013 1017 1120 1078 neque
1142 998 1282 1062 furiosus
1304 1015 1364 1060 nec

216 1102 269 1166 cui
285 1101 380 1166 bonis
395 1103 605 1166 interdictum
620 1111 671 1166 est
689 1122 749 1165 nec
769 1101 807 1176 is,
822 1121 922 1183 quem
939 1101 1028 1184 leges
1044 1103 1159 1166 iubent
1174 1101 1372 1184 improbum¹

217 1204 506 1288 intestabilemque
529 1225 609 1284 esse,
640 1215 779 1288 possunt
805 1205 838 1268 in
869 1225 1007 1270 numero
1040 1207 1175 1270 testium
1205 1203 1364 1269 adhiberi.

185 1319 204 1375 'i
219 1309 288 1375 Sed
303 1330 378 1374 cum
394 1309 512 1392 aliquis
530 1331 573 1374 ex
593 1310 733 1374 testibus
753 1311 944 1374 testamenti
968 1312 1105 1394 quidem
1124 1310 1265 1374 faciendi
1280 1319 1365 1373 tem·

217 1433 297 1496 pore
322 1413 406 1476 liber
429 1413 690 1490 existimabatur,
716 1421 833 1494 postea
858 1433 937 1476 vero
966 1433 1079 1478 servus
1105 1415 1267 1497 appamit,
1293 1423 1365 1476 tarn

216 1516 312 1580 divus
333 1517 523 1580 Hadrianus
544 1515 685 1581 Catonio
704 1516 793 1586 Vero
816 1537 916 1599 quam
937 1527 1053 1599 postea
1076 1518 1143 1581 divi
1167 1516 1308 1582 Severus
1330 1524 1365 1580 et

216 1619 409 1686 Antoninus
425 1621 658 1704 rescripserunt
673 1620 845 1684 subvenire
864 1641 900 1684 se
916 1642 960 1685 ex
975 1642 1035 1685 sua
1050 1621 1247 1685 liberalitate
1262 1631 1364 1686 testa·

217 1734 340 1800 ment0‚
357 1735 394 1790 ut
409 1725 456 1789 sic
470 1725 639 1804 habeatur,
659 1735 760 1806 atque
781 1724 808 1787 si
829 1733 866 1787 ut
889 1736 1021 1808 oportet
1036 1725 1161 1790 factum
1177 1733 1273 1804 esset,
1288 1743 1365 1789 cum

216 1851 258 1893 eo
278 1839 436 1913 tempore,
456 1851 522 1912 quo
545 1838 784 1894 testamentum
809 1829 1001 1911 signaretur,
1027 1831 1177 1894 omnium
1202 1848 1364 1894 consensu

216 1933 270 1997 llic
296 1934 390 1998 testis
417 1934 594 1998 liberorum
623 1933 696 1997 loco
727 1933 824 1996 fuerit
846 1953 906 1997 nec
929 1934 1105 2016 quisquam
1130 1944 1226 2009 esset,
1253 1933 1310 2016 qui
1334 1931 1364 1996 el

184 2046 323 2103 estatus
341 2039 568 2121 quaestionem
592 2047 732 2102 moveat.
779 2037 877 2102 Pater
899 2059 960 2102 nec
984 2058 1050 2103 non
1072 2040 1110 2116 is,
1130 2041 1187 2122 qui
1203 2041 1237 2102 in
1252 2047 1364 2121 potes·

215 2151 285 2206 tate
300 2144 369 2206 eius
385 2153 443 2222 est,
457 2143 538 2206 item
554 2143 621 2206 duo
636 2141 760 2217 fratres,
781 2143 839 2223 qui
857 2143 891 2204 in
912 2143 1060 2206 eiusdem
1076 2145 1179 2226 patris
1194 2150 1364 2225 potestate

128 2392 135 2402 -
215 2355 350 2410 Claudius
369 2356 515 2426 subjected
533 2357 582 2410 the
604 2353 696 2410 writer
716 2363 746 2410 to
767 2354 816 2409 tbe
837 2353 976 2424 penalties
997 2355 1031 2411 of
1045 2355 1093 2411 the
1114 2356 1159 2410 lex
1176 2353 1308 2410 Cornelia
1326 2353 1364 2411 de

213 2437 301 2508 falsis,
315 2439 368 2494 Bk.
381 2439 417 2494 iv.
434 2441 474 2496 18.
487 2452 503 2506 7
516 2437 565 2492 inf.

250 2522 265 2588 §
279 2525 307 2576 6.
327 2521 465 2591 capacity
477 2539 534 2576 was
551 2520 682 2592 required
697 2519 726 2576 in
739 2537 757 2574 a
769 2520 882 2576 witness
899 2521 967 2590 only
978 2532 1008 2578 at
1020 2523 1069 2576 the
1082 2520 1150 2577 time
1162 2521 1196 2576 of
1204 2522 1253 2576 the
1265 2535 1364 2575 execu-

212 2604 273 2660 tion
290 2604 324 2658 of
331 2605 380 2659 the
393 2605 454 2658 will.
492 2605 669 2660 Testamenti
688 2601 776 2659 factio
795 2621 894 2659 means
912 2605 1042 2675 capacity
1056 2606 1095 2675 (a)
1114 2616 1145 2659 to
1161 2605 1246 2660 make
1264 2621 1283 2658 a
1300 2601 1364 2670 will,

213 2687 252 2757 (b)
265 2697 295 2741 to
308 2687 373 2742 take
386 2687 476 2741 under
488 2704 506 2742 a
518 2686 573 2741 will
587 2685 678 2742 either
695 2705 727 2742 as
746 2688 829 2745 heres
841 2705 875 2741 or
886 2688 1004 2757 legates
1019 2687 1055 2758 (c)
1072 2705 1104 2743 as
1116 2689 1193 2756 here,
1207 2697 1238 2744 to
1251 2685 1364 2740 witness

213 2786 232 2825 a
244 2769 299 2824 will
311 2789 318 2836 ;
336 2771 384 2824 the
397 2787 530 2825 common
542 2771 665 2826 element
684 2787 777 2826 seems
795 2781 825 2826 to
844 2771 881 2826 be
900 2771 948 2826 the
963 2788 1099 2841 presence
1112 2771 1145 2826 of
1154 2769 1364 2837 commercium,

213 2853 257 2908 for
276 2853 369 2908 slaves
389 2854 473 2910 could
493 2854 529 2910 be
548 2853 695 2910 instituted
713 2871 745 2908 or
763 2854 848 2910 made
867 2855 992 2924 legatees
1011 2854 1039 2910 in
1057 2854 1147 2912 virtue
1169 2854 1202 2910 of
1219 2855 1267 2910 the
1288 2869 1364 2908 com·

213 2936 350 2992 mercium
368 2937 401 2990 of
415 2937 488 2991 their
505 2948 628 2994 master:
649 2938 674 2990 ol
688 2937 783 2992 οἰκέται
799 2938 953 3008 inplesset
969 2937 1041 2994 dures
1051 2939 1081 2993 ἐκ
1092 2943 1144 2992 τῶν
1155 2939 1303 3008 προσώπων
1314 2941 1365 2992 τῶν

213 3020 311 3074 οἰκείων
332 3020 467 3074 demiror
486 3020 714 3090 χαρακτηρίζονται
732 3021 860 3092 Theoph.
880 3020 918 3075 ad
936 3020 973 3076 iii.
994 3034 1033 3087 17.
1052 3037 1092 3091 pr.
1113 3021 1161 3076 inf.
1199 3021 1262 3075 The
1282 3019 1365 3074 other

212 3104 320 3159 classes
341 3103 374 3158 of
391 3121 509 3174 persons
528 3103 692 3159 mentioned
703 3103 740 3176 ‚in
758 3103 815 3160 this
833 3104 891 3159 and
910 3105 958 3160 the
977 3104 1119 3175 following
1137 3103 1261 3160 sections
1279 3101 1365 3158 could

213 3197 263 3242 not
275 3187 311 3242 be
325 3187 470 3244 witnesses
483 3205 520 3242 on
533 3189 615 3243 other
626 3188 751 3258 grounds
764 3189 833 3243 than
847 3197 921 3242 want
934 3187 967 3242 of
975 3187 1185 3257 commercium,
1198 3196 1298 3257 except
1315 3186 1365 3241 the

213 3271 382 3326 interdicted
394 3271 531 3342 prodigal,
545 3271 605 3326 ‘cui
622 3272 793 3328 commercio
806 3271 987 3329 interdictum
999 3273 1057 3328 est¹
1071 3271 1186 3342 Ulpian,
1199 3288 1256 3340 reg.
1267 3285 1310 3325 2ο.
1324 3283 1364 3337 13.

215 3355 341 3424 Improbi
354 3365 382 3410 et
395 3354 571 3411 intestabiles
584 3355 704 3425 include,
713 3355 826 3410 besides
839 3356 888 3410 the
900 3372 966 3410 case
976 3355 1141 3410 mentioned
1154 3355 1182 3409 in
1192 3355 1240 3409 the
1251 3353 1364 3408 Twelve

213 3439 318 3494 Tables
333 3439 352 3508 (⁴
360 3438 408 3510 qui
421 3455 452 3494 se
466 3439 543 3494 sierit
555 3438 685 3494 testarier
701 3438 871 3509 libripensve
887 3437 978 3508 fuerit,
991 3438 1021 3492 ni
1033 3438 1227 3494 testimonium
1239 3435 1363 3503 fariatur,

213 3520 359 3592 improbus
371 3522 596 3592 intestabilisque
613 3533 674 3578 esto
684 3523 701 3592 ')
717 3521 867 3577 convicted
883 3521 1005 3576 libellers
1020 3523 1078 3578 and
1094 3523 1283 3593 lampooners,
1297 3517 1364 3588 Dig.

214 3605 257 3660 28.
274 3619 294 3659 1.
312 3606 352 3660 18.
368 3621 378 3658 r
394 3625 401 3672 ;
419 3605 549 3674 heretics,
564 3605 634 3660 Cod.
651 3620 673 3660 r.
689 3617 711 3674 5.
725 3619 761 3672 4;
780 3605 838 3659 and
850 3615 1003 3675 apostates,
1018 3605 1089 3662 Cod.
1105 3620 1126 3660 1.
1140 3618 1164 3672 7.
1178 3619 1204 3671 4.
1242 3603 1364 3657 Persons

213 3685 364 3742 convicted
376 3689 409 3742 of
417 3687 545 3756 adultery
559 3687 636 3757 (Dig.
649 3703 691 3743 22.
707 3701 729 3758 5.
748 3687 799 3757 15),
813 3689 869 3744 and
888 3689 1011 3760 perhaps
1028 3689 1061 3743 of
1075 3687 1248 3759 repetundae
1262 3685 1310 3756 (ib.
1324 3698 1363 3754 15.

215 3787 275 3841 pr.:
298 3786 349 3840 per
370 3781 469 3826 contra
484 3770 589 3840 Ulpian
609 3770 638 3825 in
658 3771 722 3840 Dig.
737 3771 780 3826 28.
796 3785 819 3826 1.
832 3785 874 3826 2ο.
891 3771 916 3842 5)
939 3789 1012 3826 were
1031 3773 1092 3826 also
1110 3769 1272 3842 prohibiterl
1290 3766 1363 3822 from

213 3851 300 3923 being
312 3852 467 3909 witnesses.
504 3853 573 3910 Oral
590 3863 758 3909 testamenta
774 3855 842 3924 only
856 3855 882 3925 (ς
899 3869 932 3922 14
944 3853 1004 3925 inf.)
1017 3855 1102 3910 could
1113 3855 1149 3910 be
1163 3852 1314 3910 witnessed
1325 3852 1364 3922 by

213 3937 294 3992 blind
306 3953 432 4008 persons.

249 4021 264 4088 §
278 4025 305 4078 ⁷.
324 4020 394 4076 This
407 4021 523 4091 rescript
538 4019 571 4075 of
580 4019 710 4076 Hadrian
723 4021 747 4076 is
761 4021 789 4076 in
803 4021 872 4077 Cod.
883 4021 909 4076 6.
921 4036 963 4090 23.
977 4037 997 4077 1.
1024 4021 1166 4090 Probably
1178 4019 1214 4075 its
1227 4017 1364 4090 principle

213 4104 304 4174 might
316 4105 353 4160 be
365 4105 506 4161 extended
519 4115 549 4160 to
561 4106 642 4161 other
652 4121 732 4160 cases
742 4106 775 4159 of
784 4105 951 4176 incapacity,
961 4123 998 4160 on
1011 4107 1060 4160 the
1072 4106 1195 4174 analogy
1204 4105 1237 4158 of
1244 4103 1309 4173 Dig.
1324 4118 1363 4169 14·

212 4188 237 4243 6.
253 4203 276 4257 3.
291 4205 332 4258 pr.
346 4188 393 4258 (de
407 4190 463 4245 SC.
478 4189 698 4258 Macedoniano)
718 4189 756 4244 ‘si
774 4187 836 4260 quis
852 4188 1085 4260 patremfamilias
1097 4205 1161 4244 esse
1173 4187 1293 4243 credidit
1305 4203 1363 4241 non

213 4287 288 4326 vana
306 4271 486 4342 simplicitate
505 4273 641 4343 deceptus
660 4289 713 4328 nec
732 4272 799 4327 iuris
817 4272 984 4342 ignorantia,
998 4273 1049 4327 sed
1064 4271 1131 4342 quia
1147 4271 1259 4342 publice
1271 4279 1363 4340 pater-

213 4354 335 4410 familias
353 4356 494 4427 plerisque
512 4356 668 4426 videbatur,
687 4356 728 4411 sic
747 4357 859 4426 agebat,
879 4355 903 4412 si
921 4355 1115 4426 contrahebat,
1137 4354 1179 4411 sic
1200 4353 1363 4412 muneribus

213 4438 391 4510 fungebatur,
404 4439 526 4498 cessabit
540 4441 832 4498 senatusconsultum.¹
